2544 3746
493 116 595 171 AD
634 115 1019 172 POLYBIVM
1055 116 1156 171 DE
1195 116 1757 173 CONSOLATIONE
1796 118 1951 175 CAP.
1984 126 2050 175 16
2170 122 2301 189 333

431 261 606 329 XVI.
681 262 849 349 [35]
895 262 979 328 M.
1017 262 1346 330 Antonius
1394 286 1551 329 avus
1600 286 1779 331 meus
1789 313 1809 349 ,
1862 267 2045 331 nullo
2093 266 2308 334 minor

248 352 378 419 nisi
441 374 518 418 eo
584 376 625 419 a
689 374 816 437 quo
881 354 1091 418 vietus
1156 357 1281 437 est,
1342 357 1500 419 tune
1562 376 1712 420 oum
1776 377 1913 420 rem
1978 356 2307 440 publicam

250 442 674 509 constitueret
745 446 812 509 et
881 442 1271 507 triumvirali
1342 447 1666 528 potestate
1738 445 2069 529 praeditus
2141 445 2309 511 nihil

250 553 450 616 supra
477 554 562 611 vse
607 531 884 617 videret,
937 532 1222 617 exeeptis
1270 554 1425 598 vero
1472 532 1727 599 duobus
1774 534 2040 621 collegis
2090 535 2307 599 omnia

187 640 213 683 ιε
249 621 421 687 infra
465 642 534 687 se
581 626 895 705 cerneret,
938 621 1204 687 fratrem
1250 621 1665 689 interfectum
1703 623 1969 690 audivit.
2043 623 2307 690 fortuna

249 712 575 795 impotens
585 712 626 796 ,‘
669 711 892 795 quales
958 732 1038 777 ex
1099 712 1403 777 humanis
1469 713 1660 778 malis
1723 713 1847 778 tibi
1910 713 2055 798 ipsa
2114 714 2305 779 ludos

249 800 438 866 faeisl
529 822 604 865 eo
661 801 806 885 ipso
861 804 1182 887 tempore,
1237 823 1369 886 quo
1416 801 1501 867 M.
1540 800 1868 868 Antonius
1916 802 2155 869 civium
2204 824 2305 868 su-

250 910 438 956 orum
474 890 646 956 vitae
683 890 946 956 sedebat
981 892 1341 975 mortisque
1379 890 1646 975 arbiter,
1681 891 1768 957 Μ.
1796 890 2073 957 Antonii
2106 892 2307 957 frater

249 980 402 1046 duci
458 979 800 1045 iubebatur
853 980 937 1045 ad
991 980 1413 1066 supplicium!
1504 982 1660 1046 tulit
1713 981 1842 1048 hoe
1896 985 2116 1047 tamen
2171 986 2305 1047 tam

159 1088 214 1129 ιο
247 1070 436 1135 triste
493 1071 730 1136 vulnus
792 1068 1014 1135 eadem
1073 1070 1519 1157 magnitudine
1579 1071 1781 1136 animi
1838 1070 1924 1136 M.
1962 1070 2307 1155 Antonius,

153 1534 208 1578 16

149 1985 210 2026 20

251 1180 382 1244 qua
436 1159 656 1225 omnia
709 1159 838 1225 alia
893 1159 1161 1225 adversa
1215 1160 1632 1244 toleraverat,
1687 1164 1753 1225 et
1805 1159 1933 1226 hoe
1988 1160 2117 1226 fuit
2170 1161 2306 1225 eius

245 1249 471 1336 lugere
515 1248 752 1335 viginti
794 1249 1129 1336 legionum
1175 1249 1490 1335 sanguine
1536 1251 1723 1315 fratri
1766 1254 2122 1353 parentare.
2198 1250 2307 1316 sed

248 1341 326 1404 ut
380 1339 598 1405 omnia
651 1338 779 1404 alia
833 1339 1129 1424 exempla
1181 1342 1609 1425 praeteream,
1663 1343 1739 1405 ut
1785 1339 1854 1405 in
1898 1362 2001 1405 me
2049 1362 2308 1425 quoque

248 1428 394 1513 ipso
431 1428 560 1494 alia
595 1432 844 1494 taceam
881 1428 1137 1512 funera,
1180 1428 1283 1495 bis
1320 1451 1424 1495 me
1460 1429 1746 1495 fraterno
1782 1430 1968 1496 luctu
1993 1450 2310 1532 aggressa

247 1518 513 1584 fortuna
567 1522 690 1603 est,
750 1518 851 1585 bis
906 1518 1228 1583 intellexit
1279 1519 1451 1584 laedi
1507 1541 1612 1584 me
1665 1540 1886 1603 posse,
1944 1518 2119 1586 vinei
2172 1541 2307 1584 non

247 1628 467 1693 posse·
549 1608 739 1673 amisi
811 1606 1265 1674 Germanicum
1341 1608 1637 1692 fratrem,
1710 1628 1903 1693 quem
1976 1607 2303 1692 quomodo

247 1698 628 1781 amaverim,
699 1697 1023 1783 intellegit
1086 1697 1381 1782 profecto
1447 1697 1741 1782 quisquis
1808 1696 2083 1784 cogitat,
2148 1719 2305 1781 quo—

247 1785 444 1851 modo
499 1807 652 1852 suos
717 1786 948 1851 fratres
1013 1786 1108 1870 pii
1169 1786 1401 1852 fratres
1468 1790 1712 1872 ament3
1775 1786 1869 1852 sio
1930 1791 2151 1852 tamen
2216 1787 2306 1851 af-

247 1877 490 1978 feqtnm
527 1899 743 1942 meum
780 1876 948 1960 rexi,
984 1880 1060 1942 ut
1094 1898 1215 1943 nee
1249 1877 1680 1961 res-quorem
1719 1877 2096 1962 quicquam,
2134 1876 2306 1961 quod

2346 285 2374 334 1

2344 644 2378 692 2

249 1964 424 2052 exigi
470 1965 727 2031 deberet
773 1988 813 2030 a
857 1966 1032 2032 bono
1078 1967 1307 2051 fratre,
1358 1988 1479 2032 neo
1524 1967 1800 2032 facerem
1810 2015 1829 2051 ,
1876 1968 2053 2050 quod
2096 1987 2306 2071 repre·
2355 1990 2358 1993 ·

247 2054 448 2120 hendi
491 2059 714 2140 posset
757 2055 829 2120 in
872 2055 1208 2141 principe?

427 2142 609 2210 Haeo
667 2165 822 2230 ergo
883 2149 1044 2230 puta
1100 2145 1225 2210 tibi
1283 2125 1617 2230 parentem
1676 2143 2013 2230 publicum
2067 2146 2303 2211 referre

247 2234 569 2318 exempla,
615 2234 890 2299 eundem
940 2234 1302 2319 ostendere,
1349 2255 1543 2318 quam
1587 2233 1757 2299 nihil
1802 2255 2057 2300 sacrum
2102 2233 2305 2300 intae-

244 2327 518 2408 tumque
574 2323 662 2389 sit
715 2323 1045 2409 fortunae,
1100 2346 1264 2409 quae
1322 2345 1401 2390 ex
1457 2324 1547 2389 eis
1603 2324 1948 2409 penatibus
2004 2344 2161 2388 ausa
2207 2327 2305 2390 est

427 2498 464 2553 2
501 2515 536 2553 a
567 2517 824 2570 praepos.
851 2517 954 2556 om.
983 2500 1172 2556 BHG
1207 2501 1303 2556 sed
1336 2502 1401 2556 in
1428 2501 1485 2555 Β
1522 2500 1653 2556 add.
1671 2517 1715 2556 8.
1734 2517 1785 2555 v.
1804 2517 1876 2554 m.
1906 2505 1946 2556 2
1978 2499 2000 2572 Η
2034 2499 2071 2554 3
2105 2498 2305 2553 trium-

242 2570 376 2626 uira
402 2570 459 2625 B
495 2589 567 2627 m.
595 2571 764 2699 11114
800 2588 972 2642 supra
1007 2572 1148 2656 υοῖ9.
1187 2589 1359 2641 super
1394 2573 1441 2627 Ο
1476 2574 1559 2642 (er
1592 2574 1659 2627 in
1684 2573 1741 2627 Β
1780 2573 1911 2627 add.
1940 2589 1983 2628 8.
2012 2589 2061 2627 v.
2090 2589 2162 2626 m.
2190 2574 2249 2640 2)
2292 2571 2299 2643 Ι

242 2641 466 2698 videret
501 2643 590 2698 del
749 2645 876 2716 ret!
921 2661 1093 2714 excep
1095 2645 1169 2699 tis
1208 2645 1281 2700 H
1310 2646 1368 2699 et
1404 2645 1655 2714 exeeptis
1695 2644 1743 2700 0
1778 2645 1873 2699 sed
1909 2645 1967 2698 et
2002 2644 2067 2697 in
2104 2644 2160 2696 B
2198 2643 2301 2698 del.

242 2731 316 2769 m.
345 2719 384 2770 2
417 2714 439 2787 ΙΙ
472 2714 509 2770 9
536 2715 843 2770 iubebatur
870 2645 941 2772 H
968 2715 1278 2770 uidebatur
1306 2716 1354 2772 0
1381 2715 1388 2788 Ι
1436 2715 1508 2771 10
1533 2715 1607 2770 Μ.
1629 2714 1910 2770 Antonius
1939 2715 2041 2770 del.
2066 2717 2261 2770 Muret
2284 2715 2305 2786 ΙΙ

245 2785 316 2840 11
356 2802 472 2855 qua
508 2787 634 2841 DE
681 2803 853 2856 quam
892 2788 964 2843 H
969 2787 1022 2842 G
1072 2805 1183 2857 quo
1219 2789 1277 2842 Β
1322 2803 1379 2843 se
1454 2805 1591 2843 corr.
1622 2805 1691 2842 m.
1720 2791 1759 2842 2
1807 2786 1814 2859 Ι
1871 2787 1991 2841 eius
2029 2785 2224 2855 lugere
2260 2789 2308 2842 Ο

243 2865 456 2914 rectene
505 2858 721 2926 dubito,
773 2876 1106 2930 quamquam
1149 2875 1264 2914 non
1308 2861 1506 2915 desunt
1534 2861 1648 2944 ‚qui
1690 2859 1995 2930 defendant
2042 2859 2271 2928 (Madvv
2268 2875 2307 2928 9

245 2929 374 2984 adv.
403 2933 524 2986 orit.
555 2931 630 2985 II
651 2931 836 3000 praef.
867 2933 978 2986 III
1009 2937 1060 2986 et
1087 2948 1147 3002 Ρ.
1178 2935 1291 2986 328
1330 2931 1495 2986 Gertz
1520 2932 1585 2986 in
1612 2931 1737 2987 edit.
1769 2927 1904 2986 dial.
1942 2931 2066 2986 Joh.
2089 2931 2306 2984 Manen·

244 3002 456 3056 Ztschr.
486 3001 529 3068 f.
561 3019 636 3058 oe.
671 3002 762 3073 Gy
761 3020 830 3058 m.
864 3007 1008 3059 1887
1034 3001 1393 3058 XXXVIII
1414 3019 1473 3072 Ρ.
1504 3007 1611 3058 853
1648 3009 1698 3058 et
1725 3009 1828 3058 act
1860 3002 2037 3058 Acad.
2074 3001 2299 3056 Vindob.

248 3073 487 3128 CXXX
499 3073 664 3143 VIp
668 3078 788 3130 .23
839 3074 970 3130 adn.
1012 3077 1100 3144 1),·
1148 3080 1288 3129 certe
1332 3073 1474 3129 alter
1517 3075 1669 3129 loeus
1713 3074 1869 3143 aptod
1914 3073 2175 3129 Senecam
2220 3089 2299 3142 ep.

247 3148 469 3228 101313
512 3144 724 3200 dudum
764 3152 1036 3202 eorrectus
1072 3152 1165 3200 est.
1230 3147 1454 3200 interim
1492 3162 1827 3200 communem
1862 3146 2108 3200 omnium
2144 3144 2301 3199 codd.

274 3221 583 3270 orituram
609 3219 814 3272 retineo
843 3217 896 3271 ei
923 3216 1117 3286 lugere
1144 3218 1298 3288 υοῖ9.
1312 3216 1333 3288 Η
1359 3215 1431 3269 12
1458 3216 1735 3286 sanguine
1754 3217 1815 3270 D
1846 3215 2177 3286 sanguinem
2205 3215 2252 3272 0
2282 3215 2305 3285 Η

381 3287 607 3341 raterno
646 3289 694 3342 (J
742 3305 846 3357 sup
851 3303 982 3342 erno
985 3236 1077 3343 gB
1127 3289 1222 3343 sed
1259 3304 1395 3344 corr.
1434 3291 1498 3343 in
1533 3304 1705 3358 τηαν-9.
1762 3287 1783 3338 l!
1837 3287 1909 3341 15
1960 3289 2046 3340 est
2089 3285 2179 3340 bis
2215 3285 2301 3338 in-

245 3355 536 3428 tellegerit
572 3360 629 3413 Β
675 3375 812 3415 corn
856 3377 926 3415 m.
963 3363 1032 3426 2,·
1081 3376 1181 3414 cwr
1221 3357 1311 3412 bis
1348 3360 1523 3426 dieat,
1559 3376 1736 3414 unum
1770 3357 2169 3414 Germanicum
2203 3371 2297 3409 no-

247 3429 446 3496 minet,
492 3431 724 3499 Lipsius
771 3437 1022 3499 enarrat,
1072 3431 1168 3485 sed
1215 3431 1317 3496 cfr.
1364 3438 1413 3487 et
1457 3431 1737 3488 Gertzium
1778 3438 1842 3485 in
1879 3430 2004 3486 edit.
2044 3446 2102 3499 Ρ.
2140 3433 2285 3482 416
2280 3429 2300 3484 ,Ι

247 3497 319 3554 21
357 3503 550 3569 posset
577 3502 756 3557 DEB
793 3521 865 3558 m.
891 3507 930 3560 2
963 3503 1145 3572 possit
1173 3503 1303 3558 ΒΗ

2508 3449 2515 3480 Ι
