2544 3746
284 91 385 146 AD
415 90 708 146 SERENV
709 90 768 145 M
795 90 894 145 DE
922 89 1565 155 TRANQVILLITATE
1586 90 1803 145 ANIMI
1830 88 1983 146 cAP.
2010 96 2075 145 10
2158 94 2289 159 263

427 236 506 303 X.
579 234 671 301 At
715 237 785 301 in
830 234 1094 319 aliquod
1140 257 1345 321 genus
1391 235 1561 301 vitae
1608 235 1870 301 difficile
1906 235 2189 301 incidisti
2226 240 2290 301 et
2328 255 2356 303 1

244 326 368 392 tibi
414 325 740 412 ignoranti
785 326 890 391 vel
933 325 1194 410 publica
1238 325 1499 391 fortuna
1544 326 1650 390 vel
1692 325 1945 410 privata
1987 326 2287 410 laqueum

245 417 525 503 inpegit,
581 437 773 501 quem
817 436 940 481 nec
984 415 1232 481 solvere
1279 414 1488 499 possis
1532 434 1652 480 nec
1696 437 2019 500 rumpere:
2076 417 2290 502 cogita

243 505 643 590 compeditos
716 506 927 590 primo
993 526 1179 590 aegre
1241 504 1407 569 ferre
1472 525 1667 569 onera
1730 508 1795 569 et
1856 504 2291 590 inpedimenta

181 615 206 655 5
243 615 536 677 crurum3
593 594 822 659 deinde
886 593 998 658 ubi
1059 615 1194 658 non
1251 593 1575 678 indignari
1629 593 1743 657 illa
1798 593 1907 658 sed
1962 594 2099 678 pati
2143 615 2289 678 pro·

243 686 627 768 posuerunt,
685 684 1031 749 necessitas
1085 682 1342 747 fortiter
1395 683 1561 746 ferre
1618 682 1833 766 docet,
1890 683 2286 748 consuetudo

243 773 452 839 facile.
543 772 828 838 invenies
873 772 943 836 in
989 772 1281 855 quolibet
1325 793 1557 858 genere
1601 772 1772 836 vitae
1818 771 2289 838 oblectamenta

243 865 312 927 et
373 861 782 928 remissiones
842 866 908 926 et
964 862 1360 946 voluptates,
1418 862 1475 925 si
1520 861 1799 926 volueris
1846 861 2015 926 mala
2058 866 2286 946 putare

240 951 411 1017 levia
446 950 666 1035 potius
705 967 899 1035 quam
925 950 1245 1015 invidiosa
1270 950 1495 1015 facere.
1559 950 1741 1015 nullo
1769 951 1999 1015 melius
2027 950 2286 1015 nomine
2321 968 2354 1017 2

150 1063 206 1103 ιο
241 1040 320 1104 de
357 1040 549 1106 nobis
585 1043 816 1106 natura
852 1040 1113 1124 meruit,
1152 1061 1317 1123 quae
1354 1060 1501 1104 cum
1540 1040 1733 1105 sciret
1770 1040 2002 1123 quibus
2040 1062 2287 1104 aerum·

239 1128 341 1194 nis
359 1150 785 1213 nasceremur,
803 1128 1242 1195 calamitatum
1263 1129 1738 1193 mollimentum
1757 1129 2286 1194 consuetudinem

237 1218 517 1303 invenit,
586 1218 715 1284 cito
788 1218 858 1283 in
929 1218 1432 1283 familiaritatem
1504 1218 1884 1303 gravissima
1945 1218 2280 1283 addacem.

236 1330 431 1374 nemo
487 1308 774 1392 duraret,
827 1308 884 1373 si
936 1330 1152 1373 rerum
1206 1308 1616 1372 adversarum
1672 1306 1937 1372 eandem
1990 1306 2124 1372 vim
2177 1307 2283 1372 ad-

239 1398 510 1463 siduitas
545 1397 810 1463 haberet
847 1418 1041 1480 quam
1070 1397 1318 1481 primus
1346 1397 1530 1461 ictus.
1596 1417 1818 1461 omnes
1847 1418 1995 1461 cum
2022 1396 2283 1461 fortuna
2319 1415 2351 1463 3

149 1508 204 1549 ιε
238 1485 527 1571 copulati
572 1507 824 1551 sumus:
869 1486 1146 1551 aliorum
1184 1508 1377 1549 aurea
1413 1489 1638 1550 catena
1674 1490 1772 1549 est
1808 1488 1874 1551 et
1909 1486 2082 1567 laxa,
2128 1485 2283 1549 alio-

235 1597 382 1641 rum
428 1578 570 1639 arta
615 1580 680 1641 et
726 1574 1009 1659 sordida,
1055 1574 1167 1640 sed
1213 1574 1369 1658 quid
1413 1574 1651 1639 refert?
1726 1574 1945 1638 eadem
1992 1574 2281 1639 custodia

237 1664 571 1730 universos
631 1624 1052 1731 circumdedit
1109 1664 1487 1749 alligatique
1546 1665 1698 1728 sunt
1744 1663 1937 1727 etiam
1986 1663 2096 1746 qui
2142 1663 2279 1727 alli-

235 1757 576 1840 gaverunt,
641 1753 768 1819 nisi
824 1752 994 1819 forte
1047 1757 1122 1818 tu
1177 1752 1485 1817 leviorem
1544 1752 1613 1817 in
1672 1752 1930 1817 sinistra
1987 1755 2280 1817 catenam

235 1846 446 1929 putas.
537 1844 737 1910 alium
781 1842 1090 1928 honores,
1143 1841 1343 1907 alium
1401 1863 1554 1927 opes
1601 1840 1921 1924 vinciunt3
1968 1841 2280 1926 quosdam

145 1955 202 1996 ιο
234 1932 571 2016 nobilitas,
618 1933 931 2018 quosdam
973 1932 1307 1998 humilitas
1343 1932 1606 2016 premit3
1652 1932 2033 2014 quibusdam
2072 1931 2281 1998 aliena

237 2043 434 2106 supra
492 2026 691 2107 caput
746 2021 1018 2106 imperia
1077 2025 1254 2104 sunt,
1320 2020 1704 2104 quibusdam
1766 2043 1906 2103 sua3
1968 2020 2277 2104 quosdam
2380 2049 2386 2057 ·

237 2110 432 2177 exilia
493 2133 625 2176 uno
693 2111 839 2177 loco
909 2113 1162 2196 tenent,
1233 2111 1547 2193 quosdam
1615 2109 1995 2175 sacerdotia.
2068 2109 2277 2175 omnis
2312 2127 2347 2174 4

234 2202 372 2266 vita
416 2201 752 2266 servitium
799 2203 912 2266 est.
984 2199 1492 2266 adsuescendum
1528 2203 1625 2264 est
1659 2199 1877 2283 itaque
1914 2198 2280 2265 condicioni

233 2312 390 2356 suae
435 2293 500 2356 et
544 2311 739 2392 quam
783 2289 1124 2356 minimum
1170 2290 1249 2356 de
1286 2289 1401 2354 illa
1438 2289 1832 2373 querendum
1868 2291 1934 2354 ct
1970 2287 2277 2372 quicquid

140 2400 196 2443 ιο
231 2379 432 2444 habet
503 2379 674 2446 circa
745 2401 813 2444 se
886 2379 1209 2444 commodi
1282 2377 1830 2480 adprendendum.
1903 2377 2071 2442 nihil
2141 2381 2275 2442 tam

230 2469 535 2534 acerbum
588 2472 712 2551 est,
770 2468 840 2533 in
886 2489 1014 2552 quo
1047 2485 1196 2533 non
1239 2488 1481 2551 aequus
1527 2467 1778 2532 animus
1824 2467 2135 2532 solacium
2180 2466 2275 2532 in-

231 2557 466 2622 veniat.
539 2557 808 2642 exiguae
845 2578 1033 2643 saepe
1070 2579 1254 2623 areae
1295 2557 1365 2620 in
1399 2549 1639 2622 multos
1675 2578 1830 2621 usus
1868 2555 2273 2621 discribentis

230 2649 368 2712 arte
423 2649 772 2732 patuerunt
818 2652 885 2712 et
930 2646 1220 2740 quamvis
1267 2649 1613 2734 angustum
1658 2646 1888 2730 pedem
1933 2645 2270 2730 dispositio

410 2786 443 2840 1
483 2788 547 2841 at
581 2787 643 2841 in
680 2785 911 2855 aliquod
956 2787 1092 2856 voly.
1153 2787 1230 2840 At
1267 2785 1344 2840 ad
1383 2785 1613 2854 aliquod
1651 2787 1707 2841 A
1772 2786 1779 2858 Ι
1824 2784 1862 2840 8
1906 2785 2087 2853 possis
2131 2786 2268 2869 volq.

228 2873 424 2930 posses
460 2858 517 2913 A
568 2857 576 2930 Ι
617 2873 876 2927 rumpere
905 2858 1072 2913 Gertz
1107 2874 1230 2912 cum
1258 2869 1294 2910 ς
1330 2873 1621 2926 erumpere
1648 2859 1705 2912 A
1748 2855 1756 2928 Ι
1813 2855 1849 2911 8
1883 2859 2087 2925 putare
2123 2855 2271 2911 levia

230 2930 309 2984 M
306 2929 474 2998 advty
509 2931 710 2998 putate
745 2929 844 2983 uia
871 2930 928 2983 A
964 2927 1231 2998 patibilia
1266 2874 1539 2984 Schultefs
1595 2928 1602 3000 Ι
1646 2927 1717 2982 10
1754 2943 1899 2996 quae
1938 2944 2065 2982 cum
2102 2928 2272 2982 sciret

229 3000 505 3057 Schultess
550 3017 722 3068 quam
764 3016 890 3054 cum
929 3000 1100 3054 sciret
1135 3001 1191 3056 A
1237 3015 1556 3069 quamquo
1609 3015 1791 3067 ‚cum
1828 2999 1999 3054 sciret
2025 2999 2218 3054 Muret
2244 2999 2271 3126 μ

230 3071 303 3126 12
341 3071 717 3126 adducentem
761 3088 884 3126 cum
928 3087 1067 3126 corr.
1104 3073 1277 3126 unius
1313 3083 1348 3124 ς
1398 3019 1715 3142 Wesenb’erq
1756 3070 1777 3144 ΙΙ
1826 3069 1898 3126 15
1944 3071 2147 3125 catena
2182 3087 2243 3126 es

229 3146 290 3198 et
327 3143 460 3197 laxa
496 3143 666 3199 Ouo-50
705 3145 907 3204 catena
943 3144 1044 3196 est
1103 3141 1344 3197 aliorum
1379 3141 1512 3197 laxa
1540 3142 1596 3198 A
1633 3143 1741 3196 cat.
1770 3144 1859 3198 est
1887 3158 1963 3227 ac·
1980 3141 2016 3196 1.
2051 3141 2215 3198 Gertz
2247 3142 2270 3216 ΙΙ

227 3212 302 3269 25
341 3214 455 3282 adp
457 3206 689 3269 rendum
731 3213 815 3270 A²
849 3230 986 3269 corr.
1014 3213 1142 3280 fort
1171 3232 1242 3268 m.
1269 3217 1309 3269 2
1349 3211 1371 3285 ΙΙ
1419 3213 1492 3267 26
1526 3213 1735 3282 inquo
1770 3215 1907 3285 0019.
1945 3213 2121 3282 inqua
2158 3214 2214 3270 A
2246 3221 2269 3278 ΙΙ

227 3277 300 3339 27
340 3283 699 3339 discribentis
735 3285 933 3354 scripsi
967 3282 1337 3338 describentis
1366 3284 1422 3340 A
1478 3284 1487 3357 Ι
1534 3283 1605 3338 28
1642 3300 1757 3354 ειι13
1758 3285 1945 3338 ustum
1979 3284 2183 3354 pedem
2211 3285 2267 3341 A

413 3363 595 3412 tuetur
631 3355 798 3412 Gertz
832 3356 950 3410 coll.
982 3356 1213 3449 {sorrow
1249 3355 1317 3410 de
1353 3355 1387 3409 l.
1484 3355 1584 3410 ,Υ
1602 3360 1671 3411 19
1678 3302 1970 3440 (Dicitur
2008 3355 2070 3409 in
2111 3354 2258 3410 aedi·

270 3426 374 3482 ciis
412 3442 548 3482 area
584 3427 710 3498 pes
745 3427 1013 3498 magnus’
1050 3427 1108 3480 et
1145 3426 1244 3495 qui
1280 3425 1709 3482 fundamentum
1750 3425 2002 3482 instituit
2035 3425 2265 3496 ‘pedem

228 3497 419 3567 ponit'
422 3500 456 3568 .)
495 3499 798 3570 angustam
834 3497 1025 3554 sedem
1062 3497 1403 3555 Gomlissen
