2544 3746
277 64 406 128 246
666 61 725 115 L.
756 59 1040 115 ANNAEI
1077 58 1405 115 SENECAE
1442 59 1632 113 DIAL.
1660 60 1793 115 LlB.
1823 59 1916 114 IX.

274 206 587 289 paulatim
651 206 926 271 defluam
982 227 1233 288 vereor,
1287 209 1399 270 aut
1445 205 1619 289 quod
1666 210 1764 271 est
1809 206 2184 291 sollicitius,
2240 229 2330 271 ne

274 317 526 379 semper
598 316 824 361 casuro
891 293 1118 359 similis
1181 293 1495 378 pendeam
1555 298 1620 360 et
1682 296 1828 379 plus
1893 295 2170 377 fortasse
2238 296 2331 361 sit

276 406 470 469 quam
517 385 691 469 quod
736 386 875 469 ipse
921 382 1251 468 pervide03
1296 383 1698 449 familiariter
1742 384 1913 449 enim
1960 384 2332 451 domestica

169 490 234 540 16
273 474 618 558 aspicimus
666 476 732 538 et
775 494 1028 556 semper
1070 472 1309 537 iudicio
1355 472 1539 538 favor
1580 473 1799 539 officit.
1874 476 2035 557 puto
2073 475 2329 541 multos

165 1115 228 1163 17

270 563 558 645 potuisse
605 561 686 628 ad
723 562 1105 647 sapientiam
1142 561 1499 646 pervenire,
1544 562 1670 627 nisi
1696 566 2035 651 putassent
2071 584 2139 628 se
2178 586 2330 648 per·
2396 584 2422 625 ε

271 652 548 735 venisse,
610 652 738 716 nisi
798 651 1109 737 quaedam
1165 651 1234 714 in
1290 672 1356 715 se
1403 650 1940 735 dissimulassent,
1968 718 1973 722 ,
2000 652 2327 735 quaedam

272 741 512 825 opertis
553 742 756 805 oculis
795 739 1286 805 transiluissent.
1360 763 1493 805 non
1531 744 1627 806 est
1664 740 1861 824 enim,
1901 739 2076 823 quod
2106 740 2326 827 magis

270 832 479 895 aliena
537 830 779 895 iudices
840 829 1209 894 adulatione
1267 827 1496 913 <nos>
1556 830 1765 914 perire
1821 850 2016 912 quam
2058 834 2324 911 ⁸nostra.

269 920 414 1002 quis
461 919 588 983 sibi
632 940 855 984 verum
903 917 1113 983 dicere
1159 938 1353 983 ausus
1402 916 1542 983 est?
1615 917 1759 1002 quis
1803 938 1938 983 non
1974 919 2147 983 inter
2182 920 2325 984 lau·

269 1008 558 1072 dantium
585 1007 1179 1090 blandientiumque
1203 1007 1453 1090 positus
1473 1027 1701 1093 greges
1721 1008 2075 1092 plurimum
2093 1012 2326 1073 tamen
2365 1030 2417 1071 ιο

269 1097 395 1161 sibi
449 1097 587 1181 ipse
635 1098 1004 1162 adsentatus
1052 1096 1192 1160 est?
1282 1117 1443 1182 rogo
1489 1097 1735 1180 itaque,
1790 1095 1845 1161 si
1892 1096 2067 1179 quod
2112 1097 2323 1163 habes

267 1187 644 1270 remedium,
684 1208 812 1270 quo
839 1185 1008 1250 hanc
1037 1185 1523 1252 fluctuationem
1550 1207 1758 1249 meam
1788 1184 2003 1268 sistas,
2041 1185 2323 1272 dignum

267 1297 369 1340 me
429 1279 617 1360 putes
683 1277 793 1358 qui
847 1275 969 1338 tibi
1021 1274 1556 1357 tranquillitatem
1611 1274 1893 1339 debeam.
1984 1296 2121 1339 non
2176 1296 2323 1341 esse

268 1365 662 1448 periculosos
709 1365 818 1429 hos
863 1367 1078 1428 motus
1125 1364 1325 1427 animi
1369 1385 1489 1429 nec
1536 1363 1881 1446 quicquam
1924 1364 2323 1429 tumultuosi
2525 1422 2526 1447 2

265 1453 608 1519 adferentis
670 1453 831 1536 sci03
894 1455 968 1515 ut
1029 1474 1180 1516 vera
1241 1451 1363 1515 tibi
1418 1452 1837 1517 similitudine
1891 1450 1988 1536 id,
2046 1452 2125 1516 de
2184 1474 2319 1537 quo
2359 1474 2412 1515 15
2525 1462 2526 1465 ’

267 1564 525 1627 queror,
579 1542 966 1626 exprimam,
1021 1563 1154 1605 non
1207 1544 1588 1624 tempestate
1635 1563 1833 1606 vexor
1887 1540 1998 1606 sed
2044 1562 2320 1607 nausea:

266 1631 526 1696 detrahe
573 1652 726 1717 ergo
777 1631 1082 1715 quicquid
1128 1629 1256 1695 hoc
1294 1633 1393 1695 est
1428 1630 1585 1694 mali
1621 1635 1685 1695 et
1721 1651 2019 1696 succurre
2056 1631 2128 1695 in
2164 1652 2319 1696 con·

267 1725 492 1806 spectu
540 1725 854 1785 terrarum
900 1720 1236 1784 laboranti.

449 1808 530 1876 II.
605 1807 927 1896 (SENEGAQ
1026 1807 1276 1886 Quaero
1335 1830 1439 1873 me
1505 1808 1800 1873 hercules
1860 1808 1989 1875 iam
2049 1808 2320 1895 dudum,

271 1899 534 1983 Serene,
579 1900 714 1983 ipse
753 1900 1016 1982 tacitus,
1062 1898 1166 1963 cui
1202 1898 1397 1962 talem
1438 1898 1760 1964 adfectum
1796 1897 1996 1962 animi
2034 1899 2317 1966 similem
2354 1920 2407 1960 ιο
2525 1975 2526 1984 ¹

263 1993 515 2073 putem,
584 2011 730 2053 nec.
767 1989 885 2052 ulli
950 1988 1215 2073 propius
1286 1987 1677 2052 admoverim
1751 1987 2045 2071 exemplo
2118 2008 2317 2071 quam

269 2101 522 2161 eorum,
569 2080 680 2162 qui
728 2101 804 2141 ex
850 2079 1048 2164 longa
1094 2081 1158 2140 et
1203 2077 1385 2162 gravi
1431 2076 1795 2141 valetudine
1842 2077 2131 2162 expliciti
2179 2099 2317 2142 mo-

265 2168 572 2233 tiunculis
619 2167 1000 2250 levibusque
1046 2166 1304 2230 interim
1353 2166 1612 2230 offensis
1660 2165 2185 2252 perstringuntur
2230 2171 2316 2251 et,

263 2279 409 2323 cum
468 2257 771 2340 reliquias
829 2258 1222 2342 effugerunt,
1283 2255 1756 2340 suspicionibus
1802 2258 2019 2320 tamen
2064 2254 2313 2340 inquie-

263 2350 484 2410 tantur
520 2346 910 2428 medicisque
948 2347 1077 2410 iam
1097 2344 1256 2408 'sani
1293 2367 1554 2408 manum
1588 2345 1933 2430 porrigunt
1960 2347 2025 2408 et
2052 2365 2312 2410 omnem
2351 2365 2401 2405 25

262 2436 540 2500 calorem
612 2434 899 2520 corporis
966 2434 1067 2498 sui
1133 2435 1624 2498 calumniantur.
1727 2432 1988 2517 horum,
2056 2430 2313 2518 Serene,

261 2546 395 2588 non
449 2547 678 2609 parum
725 2546 951 2588 sanum
999 2526 1097 2587 est
1144 2543 1406 2605 corpus,
1462 2521 1573 2587 sed
1621 2521 1881 2587 sanitati
1927 2544 2156 2606 parum
2204 2522 2313 2588 ad-

263 2613 500 2677 suevitt
549 2613 714 2678 sicut
761 2617 858 2676 est
906 2611 1166 2695 quidam
1213 2614 1457 2675 tremor
1492 2611 1687 2676 etiam
1724 2611 2059 2695 tranquilli
2096 2611 2314 2695 maris,

263 2702 488 2784 utique
549 2723 697 2766 cum
759 2723 839 2765 ex
884 2703 1265 2784 tempestate
1311 2699 1644 2782 requievit.
1736 2720 1899 2784 opus
1947 2703 2045 2765 est
2088 2699 2311 2785 itaque

261 2811 395 2854 non
458 2790 588 2854 illis
664 2788 1058 2872 durioribus,
1131 2810 1294 2873 quae
1362 2787 1491 2853 iam
1554 2787 2161 2871 transcucurrimus,
2235 2793 2313 2854 ut
2349 2809 2400 2850 ao

449 2946 480 2999 l
525 2961 719 2999 vereor
765 2949 866 3000 aut
909 2947 1045 3016 voly.
1084 2945 1274 3000 uerior
1316 2945 1418 2998 aut
1462 2961 1597 2999 corr.
1636 2962 1705 3000 ex
1745 2944 1970 3000 ueriora
2004 2947 2073 2998 ut
2101 2945 2254 3000 Δί’*
2287 2945 2313 3018 Π

263 3016 298 3068 2
340 3015 466 3083 plus
494 3019 550 3070 A
597 3017 756 3084 peius
799 3018 959 3071 Gertz
995 3017 1122 3083 ἴση.
1161 3022 1301 3069 recte
1348 3015 1369 3088 ΙΙ
1418 3013 1453 3070 8
1499 3031 1601 3069 nos
1645 3017 1697 3069 h.
1728 3017 1762 3070 l.
1794 3017 1923 3080 add.
1963 3028 2021 3082 ς,
2059 3017 2311 3084 plerique

261 3086 382 3141 edd.
423 3093 550 3140 ante
585 3088 768 3157 magis
813 3088 832 3158 Η
879 3088 949 3142 10
983 3085 1491 3155 blandentiumque
1524 3087 1579 3141 A
1614 3085 1645 3170 j}
1690 3085 1761 3141 14
1796 3087 1900 3140 hos
1936 3087 2065 3140 add.
2096 3087 2255 3141 Koch
2288 3086 2312 3158 ΙΙ

265 3155 336 3211 16
370 3173 543 3211 uexor
589 3175 724 3214 corr.
764 3176 831 3213 ex
874 3175 1015 3213 uxor
1051 3159 1203 3214 Αι-2
1248 3156 1269 3229 Η
1318 3156 1391 3212 24
1425 3156 1696 3226 reliquias
1725 3158 1781 3212 A
1818 3157 2073 3227 pericula
2110 3157 2310 3213 Gorne-

265 3229 429 3284 lissen
466 3227 766 3284 febriculas
806 3247 898 3301 eqo
934 3231 953 3302 Η
989 3231 1060 3285 25
1090 3229 1455 3299 medicusque
1482 3229 1565 3284 A¹
1592 3246 1730 3285 corr.
1758 3247 1830 3284 m.
1861 3232 2013 3285 1—2
2038 3229 2059 3302 ΙΙ
2089 3227 2162 3283 26
2188 3245 2309 3284 cor-

263 3298 390 3367 pori
428 3301 482 3354 A
527 3301 547 3372 Η
593 3301 664 3356 29
699 3303 897 3370 utique
936 3319 1062 3358 cum
1091 3304 1286 3358 Haase
1321 3305 1388 3357 ut
1424 3317 1533 3372 que
1572 3306 1641 3357 cu
1668 3302 1752 3358 A¹
1788 3303 1883 3358 sed
1916 3319 2091 3372 supra
2127 3305 2195 3356 cii
2223 3300 2309 3358 Α*

264 3373 347 3425 vel
384 3373 574 3440 potius
619 3392 765 3428 man.
805 3377 1072 3431 recentior
1117 3375 1275 3430 lacus
1320 3375 1539 3430 addidit
1584 3374 1605 3448 ΙΙ
1653 3373 1725 3430 30
1771 3391 1917 3444 quae
1954 3375 2069 3430 iam
2109 3375 2307 3445 Pinyel

265 3458 356 3508 ap.
389 3445 741 3513 Madviyium
781 3447 972 3518 quel&
1000 3450 1062 3502 ta
1091 3449 1146 3502 A
