2544 3746
783 626 864 703 L.
919 627 1314 702 ANNAEI
1371 625 1824 701 SENECAE

457 805 1416 907 DIALOGORVM
1478 804 1917 903 LIBER
1973 804 2148 903 VI.

1099 981 1186 1022 AD
1213 978 1512 1022 menn

948 1106 1047 1160 DE
1085 1102 1662 1161 CONSOLATIONE.
1858 1098 1909 1131 s

1199 1252 1417 1260 —.———

456 1375 504 1442 I.
578 1375 728 1442 Nisi
773 1381 864 1461 te,
909 1374 1182 1459 Marcia,
1228 1376 1457 1442 scirem
1504 1379 1638 1439 tam
1682 1374 1878 1459 longe
1928 1373 2008 1439 ab
2064 1372 2331 1440 infirmi-
2370 1389 2399 1438 1

271 1470 408 1533 tate
455 1466 788 1532 muliebris
835 1466 1034 1531 animi
1081 1487 1276 1550 quam
1323 1488 1362 1529 a
1406 1464 1635 1529 ceteris
1682 1463 1858 1528 vitiis
1894 1462 2231 1529 recessisse
2267 1468 2334 1529 et

272 1577 488 1621 mores
549 1559 696 1621 tuos
755 1557 935 1620 velut
994 1554 1260 1639 aliquod
1320 1553 1659 1637 antiquum
1718 1552 2047 1655 exemplar
2109 1554 2331 1638 aspici,

271 1667 409 1710 non
469 1644 769 1710 auderem
831 1644 1087 1710 obviam
1148 1644 1240 1709 ire
1298 1642 1509 1708 dolori
1554 1646 1696 1725 tu0‚
1750 1642 1857 1707 cui
1901 1641 2026 1706 viri
2073 1663 2331 1727 quoque

209 1763 236 1803 5
271 1734 551 1800 libenter
613 1734 881 1800 haerent
945 1737 1010 1799 et
1071 1733 1411 1817 incubant,
1471 1753 1592 1797 nec
1652 1753 1833 1816 spem
1893 1732 2331 1835 concepissem

273 1827 411 1890 tam
457 1824 684 1910 iniquo
729 1828 1046 1909 tempore,
1087 1827 1224 1889 tam
1261 1821 1527 1888 inimico
1565 1820 1804 1906 11111106,
1838 1823 1973 1886 tam
2009 1816 2329 1888 invidioso

275 1913 546 1979 crimine
581 1935 774 1999 posse
811 1936 912 1978 me
950 1913 1230 1996 efficere,
1267 1916 1343 1977 ut
1377 1911 1707 1977 fortunam
1742 1914 1922 1975 tuam
1950 1911 2329 1977 absolveres.

275 2002 582 2069 fiduciam
639 2002 803 2068 mihi
862 2002 1039 2067 dedit
1096 1963 1504 2086 exploratum
1564 2001 1694 2066 iam
1749 2000 1950 2065 robur
2006 2000 2208 2066 animi
2266 2004 2332 2066 et

276 2113 516 2178 magno
589 2093 1029 2177 experimento
1103 2090 1460 2176 adprobata
1521 2090 1728 2154 virtus
1790 2093 1920 2154 tua.
2028 2111 2165 2155 non
2234 2094 2332 2156 est
2366 2101 2399 2151 2

181 2211 237 2252 ιο
275 2182 603 2267 ignotum,
678 2181 935 2266 qualem
998 2184 1063 2246 te
1127 2181 1198 2244 in
1258 2201 1539 2264 persona
1601 2177 1805 2263 patris
1868 2177 1968 2243 tui
2037 2180 2330 2265 gesseris,

277 2292 471 2355 quem
532 2291 667 2336 non
731 2271 944 2336 minus
1011 2291 1204 2354 quam
1261 2269 1501 2335 liberos
1560 2268 1874 2370 dilexisti,
1926 2271 2195 2353 excepto
2253 2289 2328 2334 eo

277 2359 454 2445 quod
488 2380 624 2426 non
661 2360 932 2444 optabas
971 2358 1408 2445 superstitem3
1442 2378 1564 2423 nec
1598 2358 1733 2423 scio
1772 2381 1856 2422 an
1887 2359 1953 2422 et
1980 2357 2330 2444 optaveris.

273 2448 597 2533 permittit
658 2449 831 2514 enim
896 2448 1021 2514 sibi
1085 2447 1399 2533 quaedam
1468 2451 1695 2512 contra
1766 2447 2012 2512 bonum
2082 2468 2326 2513 morem

274 2559 512 2624 magna
565 2537 789 2622 pietas
883 2541 1158 2603 mortem
1201 2536 1281 2602 A.
1311 2535 1597 2602 Cremuti
1643 2533 1840 2601 Cordi
1891 2535 2177 2619 parentis
2231 2537 2330 2602 tui

182 2656 234 2699 η
275 2629 590 2710 quantum
664 2630 921 2711 poteras
995 2625 1364 2709 inhibuisti3
1434 2628 1780 2710 postquam
1842 2624 1964 2689 tibi
2027 2625 2331 2709 apparuit

273 2715 443 2781 inter
489 2712 866 2782 Seianianos
915 2714 1221 2781 satellites
1267 2714 1449 2780 illam
1494 2735 1689 2779 unam
1734 2716 1953 2798 patere
2000 2714 2327 2781 servitutis

271 2803 527 2891 fugam,
587 2825 722 2870 non
785 2804 1006 2869 favisti
1068 2803 1342 2870 consilio
1409 2803 1572 2886 eius,
1637 2803 1749 2868 sed
1808 2800 2043 2867 dedisti
2098 2824 2327 2868 manus

271 2893 446 2959 victa
504 2892 858 2978 fudistique
916 2893 1215 2964 lacrimas
1276 2892 1492 2977 palam
1551 2895 1618 2956 et
1672 2892 1957 2978 gemitus
2004 2891 2329 2958 devorasti

455 3049 530 3104 In
555 3049 657 3105 hoc
683 3049 826 3106 libro
851 3055 1075 3119 praeter
1103 3050 1160 3105 Α
1196 3049 1402 3105 codicis
1426 3049 1763 3118 scripturam
1792 3064 1821 3104 e
1852 3047 2038 3104 θωπί
2064 3063 2327 3104 commen·

267 3121 418 3178 tario
453 3121 646 3176 critico
683 3121 936 3178 lectiones
971 3137 1183 3191 quoque
1209 3121 1485 3189 adscripsi
1510 3121 1716 3176 codicis
1742 3120 1805 3175 F
1823 3121 1863 3174 i.
1882 3136 1924 3175 e.
1948 3120 2329 3177 Laurentianus·

259 3193 406 3264 plut.
441 3195 533 3260 76,
559 3196 652 3260 41,
685 3209 824 3249 saec.
855 3191 993 3261 XV,
1027 3209 1168 3263 quas
1201 3193 1294 3248 hic
1329 3192 1447 3248 alic
1480 3194 1571 3250 vir
1606 3192 1797 3248 dectus
1832 3191 2038 3248 attulit.

449 3298 487 3355 6
519 3298 752 3356 inimico
791 3301 870 3370 (m
905 3301 970 3356 in
1002 3301 1138 3370 ras.)
1117 3301 1224 3370 ).A
1258 3299 1282 3374 ΙΙ
1325 3300 1398 3354 10
1432 3299 1495 3354 in
1530 3315 1773 3370 persona
1809 3299 1969 3357 editt
1998 3300 2203 3370 antiqq.
2240 3298 2326 3353 in-

261 3370 734 3516 famat*
775 3371 1918 3516 ,mmfflw
1961 3377 2025 3427 ατ
2167 3370 2325 3436 Α
