2544 3746
185 2149 212 2196 1

251 112 389 180 210
641 110 700 165 L.
731 110 1016 166 ANNAEI
1051 108 1383 166 SENECAE
1419 66 1610 165 Dum.
1639 108 1773 165 ms.
1802 74 1922 165 V1'1.

249 256 522 322 virilitas
579 257 758 323 salva
809 258 933 340 est,
987 256 1154 321 nulli
1209 276 1445 340 corpus
1499 258 1686 321 tuum
1730 254 1910 340 turpi
1954 254 2299 339 patientiae

250 349 462 428 vacat,
535 345 646 411 sed
705 346 776 410 in
846 367 1044 411 manu
1110 348 1495 430 tympanum
1568 348 1683 412 est.
1787 344 2019 411 titulus
2082 342 2299 428 itaque

250 435 560 501 honestus
615 435 893 522 eligatur
947 438 1012 501 et
1069 434 1407 519 inscriptio
1463 435 1606 518 ipsa
1650 434 1937 501 excitans
1984 434 2300 518 animum3

250 545 409 609 quae
470 529 623 608 stat,
685 525 930 606 corpori
995 524 1299 589 adulatur
1355 525 1788 607 invitavitque,
1857 544 2021 608 quae
2080 522 2301 589 statim

250 617 563 679 venerunt
625 613 800 679 vitia.
901 612 1194 697 quisquis
1254 612 1338 677 ad
1396 612 1701 678 virtutem
1762 612 2061 697 accessit,
2126 611 2304 677 dedit

251 723 598 789 generosae
661 701 898 769 indolis
955 702 1307 786 specimen,
1370 702 1483 786 qui
1536 703 1936 787 voluptatem
1994 702 2304 785 sequitur,

250 791 506 857 videtur
541 792 819 875 enervis,
863 791 1132 875 fractus,
1181 792 1571 877 degenerans
1601 791 1648 875 †
1676 792 1843 874 vim,
1878 795 2303 876 perventurus

252 881 322 946 in
363 880 628 966 turpia,
690 880 819 945 nisi
883 879 1116 963 aliquis
1183 879 1579 961 distinxerit⁴
1612 880 1711 945 illi
1775 880 2166 965 voluptates,
2230 884 2307 943 ut

253 971 442 1055 sciat,
504 992 666 1053 quae
723 991 802 1035 ex
847 969 940 1034 eis
987 970 1158 1035 intra
1201 970 1494 1035 naturale
1541 969 1929 1036 desiderium
1976 968 2308 1053 desistant,

254 1081 419 1143 quae
465 1080 769 1143 praeceps
817 1058 1107 1123 ferantur
1151 1058 1569 1142 infinitaeque
1617 1059 1748 1125 sint
1788 1063 1882 1143 et,
1928 1080 2057 1143 quo
2098 1059 2308 1145 magis

254 1149 755 1323 3333&
798 1148 2095 1329 ZitfflSmffifflssssZssgQffiaffiffi
2116 1151 2311 1303 3333

251 1328 455 1408 nimia
469 1348 497 1390 ε-
543 1327 610 1391 in
667 1327 907 1392 virtute
950 1348 1082 1392 non
1129 1330 1227 1391 est
1274 1327 1646 1409 verendum,
1700 1348 1781 1391 ne
1828 1326 1986 1411 quid
2030 1327 2309 1391 nimium

253 1416 364 1501 sit,
431 1416 584 1500 quia
651 1416 721 1480 in
775 1416 919 1501 ipsa
980 1419 1080 1481 est
1135 1416 1395 1500 modus3
1456 1436 1590 1481 non
1640 1420 1742 1481 est
1794 1416 2070 1499 bonum,
2133 1415 2310 1499 quod

253 1503 697 1592 magnitudine
768 1504 1022 1571 laborat
1097 1526 1229 1570 sua.
1340 1504 1723 1573 rationalem
1795 1526 1992 1590 porro
2059 1506 2309 1571 sortitis

254 1599 551 1661 naturam
609 1617 772 1678 quae
828 1595 1057 1660 melius
1112 1618 1214 1661 res
1271 1617 1467 1679 quam
1510 1595 1677 1660 ratio
1725 1595 2154 1679 proponitur?
2245 1599 2311 1659 et

255 1685 310 1749 si
354 1685 567 1768 placet
612 1684 738 1749 ista
782 1684 1107 1766 iunctura,
1154 1685 1209 1749 si
1254 1684 1383 1749 hoc
1427 1684 1641 1767 placet
1687 1683 1767 1748 ad
1813 1683 2067 1749 beatam
2105 1686 2311 1749 vitam

254 1773 346 1838 ire
406 1773 746 1857 comitatu,
807 1774 1012 1839 virtus
1069 1772 1430 1857 antecedat,
1488 1772 1832 1839 comitetur
1886 1774 2186 1858 voluptas
2245 1778 2311 1837 et

253 1862 424 1930 circa
469 1885 704 1948 corpus
749 1865 825 1929 ut
868 1862 1098 1928 umbra
1143 1866 1457 1928 versetur:
1514 1863 1819 1929 virtutem
1868 1863 2159 1948 quidem,
2205 1885 2311 1928 ex-

253 1953 675 2020 celsissimam
721 1952 1077 2036 dominam,
1124 1954 1448 2037 voluptati
1493 1953 1742 2019 tradere
1788 1954 2093 2020 ancillam
2139 1953 2313 2018 nihil

255 2063 564 2128 magnum
610 2042 826 2107 animo
875 2043 1185 2126 capientis
1233 2045 1348 2107 est.

431 2128 607 2195 XIV.
681 2129 900 2196 Prima
955 2131 1158 2196 virtus
1221 2134 1327 2195 eat
1334 2178 1353 2213 ,
1412 2130 1571 2196 haec
1625 2131 1790 2196 ferat
1844 2132 2058 2217 signa:
2116 2130 2314 2198 habe-

253 2221 466 2286 bimus
525 2219 733 2284 nihilo
796 2219 1008 2285 minus
1072 2219 1500 2305 voluptatem,
1561 2220 1673 2286 sed
1736 2220 1983 2285 domini
2043 2221 2182 2287 eius
2248 2225 2316 2286 et

253 2312 713 2394 temperatores
761 2310 1027 2392 erimus;
1074 2309 1321 2394 aliquid
1365 2331 1485 2376 nos
1533 2310 1853 2394 exorabit,
1897 2310 2067 2375 nihil
2102 2315 2315 2397 coget.

256 2402 323 2463 at
359 2399 419 2464 ei
426 2450 444 2483 ‚
493 2400 604 2483 qui
641 2398 964 2483 voluptati
991 2399 1309 2463 tradidere
1338 2399 1681 2488 principia,
1707 2405 1995 2491 ⁴utroque
2024 2421 2317 2484 caruere3
2355 2421 2381 2461 ε

258 2489 562 2553 virtutem
609 2487 783 2552 enim
829 2488 1169 2570 amittunt,
1214 2492 1498 2553 ceterum
1544 2511 1678 2554 non
1725 2490 1850 2574 ipsi
1888 2489 2314 2574 voluptatem,

438 2662 467 2716 7
506 2663 671 2732 Epic.
700 2662 774 2729 fr.
803 2665 914 2719 455
954 2663 1042 2718 Us.
1077 2661 1099 2734 ΙΙ
1133 2661 1204 2718 19
1243 2663 1409 2732 Epic.
1437 2662 1515 2730 fr.
1547 2666 1655 2719 514
1696 2663 1785 2720 Us.

435 2768 472 2824 4
508 2785 654 2838 quae
691 2769 889 2825 statim
925 2772 1204 2825 uenerunt
1238 2770 1388 2824 uitia
1420 2774 1475 2825 A
1518 2771 1854 2840 scripturam
1890 2789 2148 2828 nianeam
2182 2790 2315 2843 sup-

249 2841 424 2910 plevit
459 2841 832 2897 Reitzenstein
878 2857 1025 2909 quae
1072 2843 1188 2896 stat
1239 2843 1420 2911 (extat
1456 2843 1630 2898 Hertz
1667 2850 1720 2899 et
1755 2843 2175 2914 Reitzenstein),
2229 2845 2317 2898 in-

257 2915 530 2969 venerunt
564 2912 706 2966 vitia
735 2913 977 2984 Madvig]
1014 2929 1160 2981 quae
1199 2915 1342 2980 stat,
1381 2929 1507 2968 eam
1534 2914 1789 2970 vendunt
1813 2915 1957 2970 vitia
1984 2916 2263 2972 Schultess
2294 2919 2319 2988 ξῑ

258 2983 295 3038 6
333 2984 616 3052 specimen
645 2985 839 3039 Haase
876 2984 1121 3053 speciem
1149 2987 1203 3038 A
1251 2985 1258 3056 Ι
1296 2984 1395 3054 qui
1432 2985 1571 3056 voly.
1612 3001 1723 3059 que
1752 2989 1805 3040 A
1841 2986 1863 3059 ΙΙ
1901 2987 1931 3041 7
1962 2987 2317 3058 degenerans

258 3055 382 3109 uiro
413 3055 494 3108 A¹
529 3057 583 3124 (o
620 3057 895 3124 expunxit
927 3073 998 3110 m.
1031 3061 1132 3110 1—
1145 3060 1202 3122 2,
1238 3058 1411 3112 erasit
1443 3074 1515 3112 m.
1544 3061 1580 3113 5
1616 3064 1682 3113 ut
1713 3057 1851 3127 vid.)
1887 3058 2240 3129 degenerans
2280 3076 2317 3113 a

259 3124 378 3180 viro
409 3127 601 3182 Muret
637 3126 906 3196 degener,
946 3129 1218 3198 exanguis
1247 3129 1579 3184 Feldmann.
1632 3135 1879 3198 exspecto
1907 3130 2171 3201 degener,
2202 3131 2315 3186 evi·

261 3198 419 3250 ratus
468 3199 588 3252 eim.
630 3199 695 3251 in
742 3198 1068 3268 yradatione
1111 3199 1133 3271 ΙΙ
1185 3199 1222 3253 9
1269 3199 1550 3254 desistant
1587 3201 1640 3254 A
1689 3201 1960 3256 resistant
2002 3202 2264 3258 Erasm.⁸
2294 3203 2319 3274 ΙΙ

263 3267 334 3321 13
360 3267 538 3321 nimia
566 3269 619 3322 A
647 3270 706 3338 (a
733 3285 870 3324 corr.
900 3269 1029 3337 fort.
1059 3287 1128 3325 ex
1155 3287 1180 3324 s
1209 3289 1279 3326 m.
1312 3273 1365 3342 1)
1459 3270 1531 3327 18
1560 3272 1860 3327 comitetur
1888 3286 1923 3327 ς
1961 3275 2239 3329 comitata
2260 3279 2319 3328 A

263 3339 559 3408 (vir-qulam
595 3339 855 3409 adposuit
891 3342 1009 3396 alia
1045 3346 1261 3412 manus)
1299 3343 1321 3415 ΙΙ
1356 3342 1391 3397 2
1462 3343 1750 3398 dominam
1780 3346 1946 3401 Gertz
1979 3347 2234 3401 omnium
2263 3349 2320 3400 A

265 3410 385 3476 (cfr.
415 3409 526 3464 Cic.
555 3411 652 3477 fin.
681 3411 756 3465 II
777 3415 866 3478 12,
890 3415 980 3482 37)
1012 3416 1267 3481 <rem>
1301 3415 1502 3471 excels.
1534 3415 1784 3472 omnium
1813 3417 2011 3488 Stanyl
2044 3417 2065 3490 Η
2100 3417 2174 3473 22
2202 3421 2317 3486 eat,

269 3477 413 3532 haec
442 3479 681 3551 Madviq
717 3483 778 3536 at
813 3481 918 3554 hec
948 3481 1026 3536 Αι
1063 3483 1137 3538 ad
1172 3485 1279 3557 hec
1310 3485 1391 3540 A’

2346 1083 2401 1123 1⁰

2348 1528 2401 1568 15

2352 1975 2405 2015 2⁰
