2544 3746
158 2233 215 2273 10

154 2674 210 2716 15

675 618 686 628 Χ
758 663 838 737 L.
894 664 1282 738 ANNAEI
1337 664 1777 739 SENECAE

421 840 1385 943 DLALOGORVM
1446 840 1886 940 LIBER
1941 843 2114 941 XI.

1057 1014 1142 1056 AD
1171 1014 1491 1057 POLYBIVM

922 1138 1020 1193 DE
1060 1136 1632 1195 CONSOLATIONE.

430 1406 479 1473 Ι.
555 1406 702 1493 [20]
765 1404 918 1447 ***
981 1412 1238 1474 nostrae
1305 1429 1666 1493 compares,
1739 1408 1926 1474 firma
1988 1414 2167 1493 sunt3
2241 1410 2298 1475 si
2338 1428 2365 1475 1

251 1496 504 1584 redigas
559 1497 642 1563 ad
698 1497 1139 1563 condicionem
1193 1502 1462 1563 naturae
1518 1497 1735 1562 omnia
1790 1498 2175 1564 destruentis
2232 1503 2297 1564 et

251 1586 422 1652 unde
459 1586 660 1651 edidit
696 1585 921 1652 eodem
959 1586 1348 1669 revocantia,
1394 1586 1636 1652 caduca
1672 1590 1839 1651 sunt.
1932 1588 2087 1672 quid
2124 1587 2297 1653 enim

251 1675 615 1752 immortale
652 1696 881 1741 manus
918 1676 1223 1741 mortales
1260 1675 1600 1741 fecerunt?
1675 1679 1921 1759 septem
1958 1676 2073 1740 illa
2108 1677 2297 1742 mira-

252 1764 402 1831 cula
455 1768 520 1830 et
574 1764 631 1829 si
685 1786 815 1848 qua
867 1763 971 1829 his
1025 1765 1232 1830 multo
1288 1764 1689 1829 mirabiliora
1734 1765 2142 1849 sequentium
2188 1788 2296 1830 an-

250 1872 484 1919 norum
545 1853 830 1920 extruxit
901 1853 1165 1920 ¹ambitio
1240 1853 1587 1938 aliquando
1658 1855 1798 1920 solo
1869 1860 2144 1940 aequata
2205 1855 2298 1921 vi·

253 1947 492 2009 sentur.
583 1943 677 2008 ita
713 1947 836 2008 est:
881 1943 1050 2008 nihil
1083 1947 1494 2028 perpetuum,
1532 1964 1745 2027 pauca
1775 1943 2080 2008 diuturna
2117 1949 2295 2028 sunt3

254 2031 429 2096 aliud
490 2032 617 2097 alio
678 2032 872 2097 modo
931 2033 1160 2118 fragile
1220 2036 1347 2116 est,
1405 2055 1620 2097 rerum
1681 2033 1891 2098 exitus
1946 2035 2299 2117 variantur,

253 2124 537 2187 ceterum
602 2120 912 2205 quicquid
951 2119 1189 2205 'coepit
1253 2124 1320 2187 et
1382 2121 1634 2186 desinit.
1724 2121 1967 2211 mundo
2034 2121 2297 2207 quidam
2333 2138 2365 2186 2

252 2210 582 2274 minantur
651 2209 986 2275 interitum
1049 2214 1116 2275 et
1177 2211 1304 2277 hoc
1366 2211 1769 2294 universum,
1839 2211 2015 2295 quod
2079 2211 2298 2277 omnia

252 2298 472 2364 divina
523 2297 933 2383 humanaque
988 2299 1467 2384 complectitur,
1521 2300 1578 2364 si
1631 2299 1729 2364 fas
1783 2303 1976 2384 putas
2022 2300 2296 2384 credere,

252 2387 389 2453 dies
436 2387 670 2472 aliquis
718 2387 1056 2472 dissipabit
1101 2392 1167 2452 et
1209 2375 1281 2452 ‘in
1326 2387 1768 2454 confusionem
1805 2393 2105 2455 veterem
2123 2393 2297 2456 tene-

249 2476 527 2561 brasque
582 2476 938 2562 demerget:
997 2481 1102 2542 eat
1153 2497 1330 2542 nunc
1384 2477 1619 2561 aliquis
1679 2480 1743 2542 et
1788 2477 2075 2564 singulas
2124 2500 2295 2544 com-

248 2565 465 2650 ploret
517 2565 797 2649 animas,
851 2563 1258 2650 Carthaginis
1315 2586 1391 2631 ac
1433 2565 1826 2630 Numantiae
1874 2565 2295 2650 Corinthique

249 2654 530 2719 cinerem
577 2656 642 2718 et
687 2654 745 2718 si
782 2653 938 2738 quid
974 2654 1149 2718 aliud
1185 2654 1380 2720 altius
1419 2654 1651 2720 cecidit
1685 2655 2100 2739 lamentetur,
2144 2677 2295 2722 cum

249 2742 448 2806 etiam
473 2742 600 2806 hoc
637 2742 813 2825 quod
847 2764 981 2807 non
1005 2742 1203 2808 habet
1231 2763 1361 2827 quo
1390 2742 1579 2808 cadat
1606 2743 1693 2808 sit
1717 2743 2161 2830 interiturum3
2190 2748 2296 2809 eat

249 2830 486 2915 aliquis
533 2833 599 2895 et
641 2830 777 2895 fata
809 2835 1074 2895 ¹tantum
1119 2830 1467 2914 aliquando
1514 2831 1693 2896 nefas
1731 2853 1965 2898 ausura
2000 2832 2125 2898 sibi
2160 2855 2297 2898 non

247 2918 612 3003 pepercisse
658 2924 1104 3002 conqueratur.
1196 2919 1363 3004 [21]
1455 2921 1600 3004 quis
1643 2924 1777 2985 tam
1824 2922 2133 3004 superbae
2179 2922 2295 2986 im·
2332 2935 2365 2983 3

430 3092 463 3145 1
501 3095 604 3146 nie
631 3093 688 3146 B
704 3092 756 3147 G
791 3095 985 3147 nostra
1011 3094 1074 3148 F
1102 3097 1206 3147 nra
1235 3095 1306 3148 H
1340 3093 1390 3148 si
1415 3097 1487 3147 ne
1525 3096 1599 3162 (ε
1625 3095 1883 3164 naturae)
1913 3095 1974 3149 D
2012 3095 2061 3148 si
2086 3094 2209 3148 uite
2236 3095 2300 3149 E

247 3179 321 3217 m.
350 3165 390 3218 2
424 3160 475 3216 si
500 3163 620 3217 uite
648 3165 836 3218 nostre
866 3165 918 3218 V
947 3166 1272 3220 sententiam
1306 3181 1561 3221 mancam
1590 3167 1671 3220 sic
1696 3167 1871 3235 explet
1902 3165 2091 3222 Gertz.-
2127 3164 2295 3220 urbes

250 3249 320 3288 ac
356 3237 723 3290 monumenta
759 3251 893 3290 saxo
932 3237 1174 3303 structa,
1212 3237 1263 3290 si
1298 3237 1450 3291 vitae
1487 3239 1712 3292 nostrae
1750 3253 2041 3307 compares
2082 3236 2103 3310 Η
2142 3236 2180 3292 4
2212 3235 2296 3292 fe-

249 3308 452 3360 cerunt
479 3307 620 3362 ΒΗ
627 3309 680 3362 V
705 3315 770 3362 ut
805 3310 944 3363 coni.
985 3309 1042 3364 G.
1073 3309 1142 3363 F.
1171 3310 1255 3364 W.
1289 3309 1500 3364 Μᾱῑῐεν
1534 3308 1773 3364 fecerint
1802 3311 1850 3366 C
1880 3310 1901 3382 Η
1940 3309 1975 3364 9
2014 3308 2223 3363 desinit
2252 3308 2300 3364 G

248 3377 554 3433 desinetF
581 3378 602 3450 ΙΙ
639 3379 709 3432 15
747 3379 904 3433 aliud
942 3379 1113 3434 altius
1143 3380 1191 3436 0
1225 3381 1397 3435 altius
1438 3381 1570 3436 GH
1598 3382 1619 3454 Η
1654 3381 1726 3436 16
1762 3383 1935 3436 etiam
1972 3381 2080 3436 hoc
2108 3381 2156 3436 0
2188 3381 2295 3433 hoc

249 3449 428 3504 etiam
457 3451 519 3504 F
548 3449 568 3522 Η
604 3449 674 3505 18
713 3453 1088 3520 conqueratur
1125 3452 1174 3507 (J
1215 3455 1486 3520 queratur
1512 3453 1575 3507 F
