2544 3746
785 32 886 88 DE
921 32 1051 87 IRA
1087 33 1220 89 LIB.
1250 32 1319 89 Π.
1386 32 1537 91 cAP.
1570 40 1635 89 21
2152 36 2237 103 91

195 179 506 245 servitute
543 178 1030 264 comminuitur3
1067 178 1387 266 adsurgit,
1423 178 1480 245 si
1513 179 1816 245 laudatur
1851 183 1917 245 et
1953 180 2022 244 in
2059 201 2241 264 spem

195 268 298 333 sui
362 268 602 335 bonam
664 267 1030 352 adducitur,
1089 268 1202 334 sed
1261 270 1484 334 eadem
1538 269 1665 333 ista
1717 269 2130 335 insolentiam
2176 273 2243 335 et

193 357 593 423 iracundiam
639 360 976 445 generant:
1038 358 1258 441 itaque
1297 358 1391 423 sic
1426 357 1597 423 inter
1635 361 1983 442 utrumque
2018 379 2243 445 regen-

194 446 315 512 dus
363 449 488 532 est,
533 449 610 512 ut
655 447 848 513 modo
893 446 1093 512 frenis
1138 450 1403 512 utamur
1445 447 1639 512 modo
1688 447 1984 513 stimulis.
2076 447 2243 512 nihil
2279 462 2314 510 4

129 556 158 597 ιι
193 535 472 620 humile,
527 536 694 603 nihil
752 535 983 602 servile
1041 536 1354 620 patiatur3
1409 556 1766 620 numquam
1827 536 1922 601 illi
1982 557 2243 602 necesse

195 623 285 689 sit
324 646 556 711 rogare
600 625 981 711 suppliciter
1024 646 1143 691 nec
1188 623 1399 709 prosit
1430 646 1723 711 rogasse,
1757 625 1977 710 potius
2014 647 2243 691 causae

195 734 351 778 suae
395 717 464 779 et
505 714 830 799 prioribus
875 713 1066 779 factis
1112 718 1178 779 et
1222 714 1411 780 bonis
1458 714 1529 778 in
1569 713 1863 779 futurum
1878 714 2242 817 promissis

196 802 487 869 donetur.
580 802 651 867 in
711 802 1168 870 certaminibus
1230 803 1597 888 aequalium
1654 824 1777 868 nec
1828 802 2003 869 vinci
2055 804 2243 868 illum
2281 817 2314 866 5

194 891 522 995 patiamur
577 913 698 958 nec
754 892 972 977 irasci3
1031 891 1256 957 demus
1312 914 1605 978 operam,
1653 896 1728 957 ut
1776 891 2112 957 familiaris
2160 892 2247 957 sit

101 1001 157 1042 ιο
193 981 276 1045 iis
331 1000 481 1046 cum
541 981 778 1066 quibus
836 981 1223 1047 contendere
1269 982 1464 1064 solet,
1507 984 1585 1046 ut
1628 980 1699 1045 in
1743 982 2092 1047 certamine
2137 980 2245 1045 ad-

195 1073 452 1135 suescat
494 1090 631 1136 non
672 1091 905 1137 nocere
949 1070 1117 1136 velle
1162 1070 1277 1136 sed
1313 1070 1595 1154 vincere3
1643 1070 1941 1155 quotiens
1988 1091 2246 1155 supera-

191 1157 364 1225 verit
399 1161 467 1224 et
499 1158 770 1245 dignum
807 1158 1053 1243 aliquid
1086 1158 1281 1225 laude
1314 1158 1568 1243 fecerit,
1604 1159 1819 1225 attolli
1844 1180 1981 1224 non
2006 1159 2245 1246 gestire

192 1247 546 1333 patiamur:
586 1248 896 1334 gaudium
933 1248 1107 1313 enim
1144 1248 1490 1333 exultatio,
1524 1247 1989 1314 exultationem
2026 1253 2247 1314 tumor

195 1340 263 1402 et
324 1336 528 1402 nimia
589 1338 953 1404 aestimatio
1019 1336 1122 1403 sui
1184 1337 1495 1422 sequitur.
1614 1337 1910 1403 dabimus
1980 1336 2245 1422 aliquod
2283 1347 2317 1398 6

0 1474 6 1510 ,ι
102 1444 157 1486 ιιι
193 1426 666 1509 laxamentum,
727 1426 798 1491 in
863 1425 1172 1492 desidiam
1235 1448 1390 1493 vero
1455 1425 1791 1510 otiumque
1853 1448 1990 1492 non
2049 1427 2247 1491 resol-

1 1517 6 1534 '
194 1535 422 1581 vemus
486 1517 553 1580 et
613 1515 843 1598 procul
895 1536 936 1580 a
989 1518 1296 1581 contactu
1357 1515 1734 1581 deliciarum
1796 1515 2247 1599 retinebimus,

193 1602 363 1668 nihil
408 1603 580 1669 enim
628 1604 834 1689 magis
881 1604 1041 1670 facit
1078 1604 1423 1671 iracundos
1462 1624 1656 1687 quam
1695 1603 1991 1671 educatio
2028 1603 2246 1670 mollis

195 1696 264 1757 et
307 1692 571 1757 blanda.
617 1691 762 1759 ideo
807 1693 1016 1759 unicis
1056 1714 1186 1778 quo
1229 1694 1379 1795 plus
1413 1691 1816 1780 indulgetur,
1850 1692 2246 1778 pupillisque

197 1802 328 1865 quo
392 1782 541 1866 plus
602 1782 782 1866 licet,
848 1782 1212 1867 corruptior
1275 1782 1528 1848 animus
1593 1785 1707 1848 est.
1799 1803 1933 1848 non
1989 1782 2249 1848 resistet

102 1892 158 1933 so
196 1870 460 1937 offensis
507 1870 614 1938 cui
655 1870 825 1937 nihil
867 1894 1179 1956 umquam
1214 1877 1524 1959 negatum
1564 1875 1690 1956 est,
1727 1871 1910 1938 cuius
1946 1870 2245 1938 lacrimas

196 1960 479 2026 sollicita
551 1981 806 2046 semper
876 1965 1084 2026 mater
1155 1961 1485 2045 abstersit,
1554 1961 1660 2027 cui
1724 1960 1804 2027 de
1867 1961 2245 2049 paedagogo

195 2048 602 2116 satisfactum
648 2054 762 2116 est.
853 2071 990 2116 non
1032 2049 1242 2135 vides,
1286 2055 1363 2116 ut
1406 2049 1716 2116 maiorem
1754 2071 2078 2136 quamque
2118 2049 2248 2116 for·
2285 2061 2318 2110 '1

195 2142 424 2204 tunam
471 2139 679 2205 maior
721 2139 819 2204 ira
863 2138 1252 2206 comitetur?
1333 2140 1405 2205 in
1450 2139 1760 2205 divitibus
1806 2143 1872 2205 et
1914 2139 2247 2206 nobilibus

197 2231 266 2293 et
309 2227 798 2331 magistratibus
842 2228 1188 2314 praecipue
1233 2233 1531 2315 apparet,
1566 2250 1714 2295 cum
1752 2228 2069 2315 quidquid
2103 2230 2246 2295 leve

103 2335 158 2378 ιε
197 2321 266 2381 et
308 2316 500 2382 inane
544 2317 616 2382 in
661 2317 877 2382 animo
925 2321 1064 2384 erat
1107 2318 1391 2384 secunda
1436 2338 1505 2385 se
1549 2340 1708 2383 aura
1743 2318 2026 2384 sustulit.
2107 2318 2247 2384 feli·

197 2406 360 2472 citas
423 2406 823 2472 iracundiam
885 2406 1122 2490 nutrit,
1178 2407 1295 2473 ubi
1348 2428 1545 2509 aures·
1589 2407 1899 2492 superbas
1955 2407 2246 2473 adsenta-

195 2498 415 2560 torum
470 2490 662 2560 turba
715 2495 1168 2562 circumstetit:
1242 2495 1399 2562 tibi
1443 2495 1617 2562 enim
1662 2497 1773 2562 ille
1817 2496 2246 2613 respondeat?

194 2604 332 2649 non
393 2605 513 2668 pro
573 2582 836 2686 fastigio
896 2588 963 2650 te
1021 2589 1137 2651 tuo
1195 2585 1470 2670 metiris3
1533 2585 1673 2670 ipse
1731 2588 1799 2651 te
1851 2584 2123 2670 proicis'
2181 2589 2249 2651 et

196 2672 325 2738 alia
361 2667 598 2758 quibus
635 2672 747 2738 vix
783 2694 976 2739 sanae
1013 2678 1081 2740 et
1115 2673 1197 2740 ab
1232 2673 1422 2740 initio
1453 2634 1625 2741 ’bene
1660 2674 1968 2741 fundatae
1995 2676 2245 2741 mentes

377 2828 410 2884 1
469 2829 519 2884 si
573 2828 845 2884 laudatur
899 2833 957 2885 et
1014 2829 1179 2886 Gertz
1233 2831 1284 2886 si
1332 2829 1629 2898 laudatur,
1685 2833 1745 2887 et
1794 2832 1934 2916 voly.
1978 2832 2174 2902 interp.
2226 2831 2249 2906 ΙΙ

195 2900 234 2956 8
257 2902 532 2969 uti-unqu
533 2915 566 2956 e
593 2904 874 2970 <puer>
901 2900 1182 2972 regendus
1217 2904 1360 2958 coni
1391 2903 1713 2970 mammet-,-
1746 2904 1845 2958 vix
1879 2904 2249 2958 necessum-im

195 2972 307 3027 vid.
341 2971 366 3046 ΙΙ
407 2970 1145 3042 SuinciALquodrec-te
1179 2973 1613 3040 defendet-ovid.
1652 2973 1726 3028 Ε.
1759 2975 1995 3029 Thomas
2036 2975 2146 3041 ita,
2183 2980 2249 3030 ut

196 3044 272 3098 sit
295 3049 546 3098 nostrum
581 3043 726 3098 ‘sich
751 3043 994 3114 besieyen
1018 3043 1226 3100 Μυκη*
1255 3045 1377 3115 (cfr.
1406 3060 1512 3114 cap
1516 3047 1723 3115 32,1)
1762 3059 1837 3098 an
1881 3015 2248 3116 Petscheniq

195 3113 398 3169 ulcisci
433 3113 740 3182 Schultes33
767 3116 934 3184 prius
969 3129 1074 3170 nec
1109 3114 1281 3170 deleri
1314 3116 1427 3174 volt
1454 3116 1699 3171 Karsten
1718 3114 1832 3260 Ι11
1906 3117 2175 3170 contactu
2210 3131 2246 3174 ς

198 3187 418 3242 ctractu
456 3187 512 3242 A
557 3184 580 3258 ΙΙ
627 3184 700 3240 18
744 3202 824 3255 pu
863 3185 977 3241 illis
979 3202 1089 3256 que
1124 3186 1209 3242 A⁶
1243 3189 1412 3257 (pex
1447 3204 1473 3241 s
1510 3186 1727 3260 coro-M
1788 3185 1862 3242 28
1905 3185 2150 3255 nobilib,
2189 3188 2245 3243 A

197 3259 354 3327 (corr.
401 3273 474 3314 ex
525 3255 757 3328 nobilis)
809 3256 819 3331 Ι
883 3255 954 3313 27
1003 3258 1158 3312 circu
1202 3257 1365 3314 stetit
1408 3259 1464 3314 A
1478 3260 1534 3315 L
1588 3259 2005 3330 circumstrepit
2052 3229 2249 3329 opt’amt

197 3329 326 3385 olim
377 3330 597 3398 Haase,
654 3345 808 3385 num
855 3328 1052 3398 Gens,-
1101 3330 1192 3387 hic
1249 3347 1317 3386 ea
1368 3347 1508 3401 quae
1552 3338 1855 3401 sequuntur
1896 3337 2037 3387 recte
2076 3333 2246 3386 inter-

195 3402 400 3470 punxit
