2544 3746
754 104 852 160 DE
889 104 1017 159 IRA
1054 104 1311 161 LIB.111.
1377 104 1533 160 CAP.
1564 109 1647 160 19.
1678 109 1747 159 20
2160 107 2285 173 129

241 252 574 336 talaribus,
617 252 858 335 eculeo,
901 252 1069 339 igne,
1113 252 1303 316 vultu
1348 272 1483 317 suo,
1556 254 1623 315 et
1665 250 1792 317 hoc
1834 251 1981 317 loco
2027 271 2288 336 respon·
2323 267 2355 316 a

243 340 526 405 debitur:
573 341 899 428 ‘magnam
943 340 1108 405 re'm!
1163 341 1220 405 si
1265 344 1395 406 tres
1434 344 1760 406 senatores
1789 339 1975 424 quasi
2008 360 2287 424 nequam

242 434 807 585 ἓὶωὲἐῖἐῆὲῗιῗῶ
841 429 1232 585 ἶέξξῗέἰῃὲἕ
1280 429 1611 605 ῗὲἒέῖἒὲι
1618 430 1687 602 {¹²
1686 434 1843 603 2133*
1862 428 2156 604 οξῖἓῗιῗίι,
2174 451 2289 583 ⁴³1¹}ss

176 628 202 669 ε
242 609 525 694 populus
582 607 912 674 Romanus
975 630 1172 673 unam
1227 610 1541 674 cervicem
1587 607 1878 692 haberet,
1940 612 2016 674 ut
2050 608 2289 673 scelera

245 720 362 762 sua
405 700 508 762 tot
552 698 715 763 locis
761 720 837 764 ac
873 699 1275 782 temporibus
1314 697 1576 763 diducta
1620 698 1690 762 in
1725 720 1927 763 unum
1973 698 2177 763 ictum
2222 699 2290 761 et

241 808 446 850 unum
496 785 665 852 diem
713 786 1012 873 cogeret?
1104 786 1260 869 quid
1306 790 1441 852 tam
1487 786 1850 854 inauditum
1899 806 2092 871 quam
2135 806 2289 851 noc-

240 879 508 940 turnum
555 876 992 961 supplicium}>
1084 896 1232 941 cum
1277 876 1620 942 latrocinia
1662 875 1943 941 tenebris
1980 874 2288 941 abscondi

243 964 522 1048 soleant,
583 965 1194 1050 animadversiones,
1259 988 1390 1050 quo
1437 964 1723 1030 notiores
1770 968 1948 1049 sunt,
2011 965 2157 1050 plus
2218 965 2287 1029 in

144 1076 200 1115 ιο
241 1053 610 1138 exemplum
667 1055 1309 1137 emendationemque
1369 1054 1728 1139 proficiant.
1833 1058 1899 1119 et
1954 1054 2081 1119 hoc
2136 1054 2284 1119 loco
2322 1070 2353 1118 3

239 1142 738 1227 respondebitur
789 1144 979 1208 mihi:
1045 1144 1243 1227 ‘quod
1289 1146 1472 1209 tanto
1520 1165 1712 1229 opere
1758 1143 2123 1226 admiraris,
2175 1143 2286 1208 isti

237 1232 467 1297 beluae
505 1232 902 1315 cotidianum
947 1236 1074 1317 est3
1118 1232 1200 1297 ad
1235 1234 1363 1299 hoc
1396 1233 1588 1316 vivit,
1633 1233 1716 1297 ad
1749 1233 1877 1298 hoc
1912 1233 2161 1319 vigilat,
2205 1232 2288 1296 ad

239 1322 368 1387 hoc
423 1308 764 1388 lucubrat?
860 1343 1052 1387 nemo
1113 1326 1285 1388 certe
1343 1322 1706 1387 invenietur
1758 1322 1952 1405 alius,
2012 1323 2125 1405 qui
2168 1321 2287 1386 im·

240 1412 564 1496 peraverit
609 1411 908 1476 omnibus
954 1412 1056 1496 iis,
1101 1412 1170 1476 in
1208 1434 1372 1497 quos
1418 1411 1843 1477 animadverti
1878 1412 2165 1495 iubebat,
2211 1432 2285 1476 os

141 1521 197 1561 15
237 1501 482 1565 inserta
537 1522 824 1587 spongea
878 1500 1152 1584 includi,
1194 1523 1277 1566 ne
1323 1502 1502 1567 vocis
1547 1499 1933 1567 emittendae
1977 1500 2289 1565 haberent

237 1589 631 1654 facultatem.
741 1590 848 1655 cui
912 1611 1222 1673 umquam
1277 1591 1594 1655 morituro
1646 1611 1781 1654 non
1834 1593 1934 1654 est
1988 1589 2284 1655 relictum

237 1699 371 1763 qua
416 1677 741 1764 gemeret?
831 1678 1081 1762 timuit,
1133 1701 1214 1743 ne
1260 1698 1455 1762 quam
1499 1679 1865 1744 liberiorem
1911 1699 2137 1744 vocem
2182 1699 2287 1742 ex-

236 1772 484 1833 tremus
551 1767 737 1832 dolor
799 1768 1114 1851 mitteret,
1184 1790 1264 1832 ne
1323 1767 1479 1851 quid
1544 1767 1715 1852 quod
1759 1768 1967 1833 nollet
2010 1766 2287 1850 audiret3

239 1856 485 1922 sciebat
553 1860 768 1923 autem
840 1857 1336 1924 innumerabilia
1403 1879 1567 1942 esse,
1646 1880 1809 1942 quae
1873 1856 2123 1923 obicere
2186 1856 2287 1922 illi

141 1967 198 2006 ιο
235 1967 430 2010 nemo
487 1947 615 2011 nisi
659 1948 983 2031 periturus
1030 1947 1307 2012 auderet.
1418 1969 1567 2014 cum
1632 1969 1953 2034 spongeae
2006 1968 2140 2012 non
2192 1947 2287 2010 in-
2320 1963 2355 2010 4

235 2036 639 2119 venirentur‚
694 2035 902 2101 scindi
955 2038 1343 2101 vestimenta
1391 2037 1773 2102 miserorum
1819 2040 1887 2106 et
1928 2037 1999 2100 in
2044 2057 2117 2101 os
2162 2035 2288 2099 far·

238 2125 360 2191 ciri
405 2145 654 2208 pannos
729 2125 1088 2210 imperavit.
1163 2147 1328 2209 quae
1382 2126 1509 2190 ista
1566 2125 1832 2192 saevitia
1884 2124 2025 2191 est?
2094 2124 2289 2190 liceat

238 2213 547 2278 ultimum
604 2214 906 2298 spiritum
951 2215 1230 2298 trahere,
1288 2215 1370 2279 da
1424 2215 1709 2281 exiturae
1756 2215 2005 2280 animae
2049 2214 2287 2297 locum,
2364 2271 2370 2278 .

237 2303 436 2367 liceat
479 2303 661 2367 illam
704 2324 840 2368 non
884 2325 1001 2398 per
1044 2303 1280 2369 vulnus
1327 2305 1644 2370 emittere!
1708 2304 1956 2369 adicere
2000 2304 2103 2367 his
2147 2303 2286 2367 lon·
2323 2320 2354 2366 5

141 2425 197 2464 π
238 2425 398 2490 gum
447 2407 570 2487 est,
627 2403 800 2486 quod
848 2407 1062 2489 patres
1110 2424 1368 2488 quoque
1416 2403 1775 2469 occisorum
1830 2403 2051 2467 eadem
2095 2405 2285 2467 nocte

237 2493 524 2558 dimissis
571 2515 686 2577 per
732 2493 961 2558 domos
1007 2494 1490 2559 centurionibus
1538 2493 1842 2576 confecit,
1886 2493 1954 2556 id
1990 2497 2115 2572 est,
2173 2492 2286 2556 ho-

237 2604 352 2647 mo
398 2583 764 2648 misericors
801 2583 986 2649 luctu
1022 2583 1350 2668 liberavit3
1394 2604 1529 2647 non
1564 2584 1735 2648 enim
1776 2580 1888 2647 Gai
1935 2581 2288 2664 saevitiam,

237 2672 356 2736 sed
399 2673 568 2756 irae,
612 2674 1022 2758 propositum
1067 2677 1167 2738 est
1211 2673 1592 2738 describere:
1648 2693 1810 2756 quae
1854 2693 1988 2736 non
2030 2673 2285 2735 tantum

241 2761 490 2826 viritim
550 2763 712 2827 furit
769 2762 880 2827 sed
939 2767 1162 2849 gentes
1223 2767 1395 2828 totas
1454 2763 1767 2845 lancinat,
1828 2761 1939 2826 sed
1985 2760 2176 2825 urbes
2222 2763 2289 2825 et

138 2873 199 2913 so
239 2850 518 2916 flumina
584 2856 650 2916 et
717 2855 860 2915 tuta
928 2853 1007 2915 ab
1070 2853 1248 2916 omni
1309 2874 1499 2916 sensu
1551 2851 1792 2916 doloris
1853 2850 2285 2916 converberat.

423 2938 564 3004 XX.
633 2937 742 3004 Sic
786 2962 902 3005 rex
937 2939 1277 3005 Persarum
1324 2941 1525 3006 totius
1564 2941 1794 3026 populi
1828 2961 2015 3005 nares
2059 2939 2289 3004 recidit
2327 2956 2354 3002 1

239 3030 312 3094 in
370 3026 585 3113 Syria,
639 3029 810 3094 unde
866 3027 1308 3095 Rhinocolura
1359 3031 1505 3096 loco
1562 3052 1799 3095 nomen
1852 3035 1965 3095 est.
2066 3051 2289 3114 peper-

238 3119 410 3184 cisse
469 3118 655 3183 illum
716 3118 989 3203 iudicas,
1051 3118 1222 3203 quod
1283 3141 1416 3184 non
1470 3122 1611 3184 tota
1668 3121 1883 3204 capita
1934 3117 2288 3203 praecidit?

425 3273 463 3328 2
491 3290 677 3344 nequa
696 3276 753 3330 A
778 3275 800 3347 ΙΙ
825 3274 897 3330 10
924 3276 1224 3344 proficiant
1242 3279 1298 3331 A
1326 3277 1629 3346 proficiunt
1652 3278 1791 3348 voly.
1808 3278 1841 3402 {l
1864 3277 1937 3332 15
1964 3292 2215 3346 spongea
2232 3278 2288 3332 A

240 3349 396 3417 (item
423 3347 583 3414 infra
608 3364 658 3401 v.
686 3351 782 3417 20)
811 3347 1050 3418 spongia
1076 3347 1255 3418 υοῑρ.1
1250 3389 1254 3410 ,
1300 3347 1515 3402 includi
1535 3349 1590 3404 A
1626 3348 1806 3404 intere
1829 3348 1932 3402 udi
1970 3349 2291 3418 Wesenberg

239 3417 472 3473 occludi
527 3417 696 3474 Gertz
766 3419 788 3490 ΙΙ
843 3418 916 3472 26
963 3418 1026 3472 id
1081 3425 1168 3473 est
1217 3421 1270 3475 L
1325 3426 1389 3475 ut
1444 3421 1704 3477 Mna-ems
1756 3422 1896 3476 coni.
1955 3419 2119 3475 adest
2164 3421 2219 3474 A
2270 3418 2293 3490 Η

240 3489 314 3545 27
355 3487 515 3543 luctu
542 3491 598 3545 A
635 3491 690 3560 (c
725 3506 768 3545 ε.
789 3507 838 3545 υ.
869 3490 998 3545 add
1029 3490 1131 3559 κί’)

356 3597 896 3641 ΒΕΙΕΟΔΕΟΡΕΒΔΙΗΙ
918 3597 1088 3639 e.edH
1100 3611 1212 3640 rem
1223 3612 1256 3641 s
1828 3604 1859 3651 9
