2544 3746
134 463 194 510 11

132 1086 196 1133 12

239 124 369 190 278
629 120 688 173 L.
720 118 1005 173 ANNAEI
1044 118 1373 174 SENECAE
1411 117 1601 173 DIAL.
1631 117 1766 172 LIB.
1795 118 1887 173 IX.

237 265 352 331 teli
399 265 681 330 ‘nullum
719 287 1029 351 magnum
1064 263 1397 352 ingenium
1436 264 1573 330 sine
1610 263 1893 329 mixtura
1930 264 2285 331 dementiae

237 354 421 420 fuit’:
466 376 602 420 non
646 357 862 439 potest
907 354 1149 441 grande
1194 352 1441 439 aliquid
1488 358 1555 419 et
1590 375 1785 438 super
1819 357 2066 420 ceteros
2101 356 2284 440 loqui

235 444 364 512 nisi
422 448 600 509 mota
657 466 854 509 mens.
957 466 1104 509 cum
1163 444 1457 529 volgaria
1518 446 1585 509 et
1644 443 1837 509 solita
1894 446 2287 530 contempsit

235 533 674 618 instinctuque
721 554 902 599 sacro
949 533 1226 599 surrexit
1272 533 1611 617 excelsior,
1662 536 1821 598 tunc
1866 533 2126 599 demum
2172 536 2285 601 ali-

238 623 394 708 quid
440 623 672 689 cecim't
718 622 1024 709 grandius
1071 645 1180 689 ore
1225 622 1504 688 mortali.
1574 643 1712 688 non
1756 626 1972 707 potest
2008 624 2285 689 sublime

238 713 584 797 quicquam
644 716 712 777 et
764 712 834 776 in
890 711 1090 777 arduo
1136 712 1425 796 positum
1471 711 1871 799 contingere,
1933 734 2127 797 quam
2172 713 2286 778 diu

237 806 397 885 aput
450 823 518 867 se
576 806 698 867 est:
755 801 1068 867 desciscat
1127 804 1385 886 oportet
1430 822 1469 864 a
1516 800 1707 866 solito
1764 804 1829 867 et
1874 802 2177 867 efferatur
2220 806 2287 867 et

236 891 529 956 mordeat
583 890 800 957 frenos
860 895 927 957 et
980 894 1296 956 rectorem
1348 890 1561 974 rapiat
1614 912 1804 955 suum
1850 911 2056 975 eoque
2099 891 2286 975 ferat,

237 1002 365 1064 quo
413 1002 531 1064 per
576 1000 644 1044 se
689 980 1014 1045 timuisset
1057 980 1410 1045 escendere.

413 1068 661 1149 Habes,
717 1067 953 1135 Serene
1006 1068 1362 1154 carissime,
1416 1090 1580 1154 quae
1625 1067 1880 1153 possint
1922 1070 2284 1154 tranquilli-

235 1161 435 1223 tatem
481 1158 675 1241 tueri,
723 1180 885 1241 quae
930 1159 1295 1241 restituere,
1354 1180 1519 1243 quae
1565 1159 2059 1242 subrepentibus
2105 1159 2282 1225 vitiis

234 1246 562 1332 resistant3
630 1247 791 1313 illud
857 1250 1073 1313 tamen
1141 1248 1331 1332 scito,
1398 1247 1567 1312 nihil
1628 1247 1863 1313 horum
1929 1249 2084 1313 satis
2143 1270 2283 1315 esse

235 1336 521 1401 validum
589 1359 728 1403 rem
790 1338 1156 1403 inbecillam
1218 1336 1649 1422 servantibus,
1717 1336 1846 1417 nisi
1904 1337 2153 1403 intenta
2217 1342 2284 1405 et

235 1424 503 1491 adsidua
547 1448 702 1492 cura
747 1426 1044 1492 circumit
1089 1428 1376 1492 animum
1419 1426 1759 1492 labentem.

416 1601 448 1656 1
504 1602 823 1657 dementiae
878 1601 1023 1656 fuit’:
1089 1618 1204 1656 non
1257 1603 1607 1671 interpunxit
1659 1603 1907 1673 Psenniy
1961 1602 2285 1657 dementiae

234 1671 380 1728 fuit’.
437 1690 549 1726 non
583 1674 721 1743 volq.
749 1674 772 1746 Η
805 1672 843 1727 4
869 1673 1284 1741 instinctusque
1311 1674 1367 1728 A
1403 1690 1543 1729 corr.
1570 1675 1710 1743 vola.
1736 1674 1757 1746 ΙΙ
1794 1673 1829 1726 5
1855 1673 2285 1744 grandiosorem

234 1742 462 1798 mortali
489 1744 574 1800 Αι
610 1761 747 1800 corr.
782 1744 867 1799 A⁶
910 1744 930 1817 Η
978 1743 1013 1798 9
1051 1760 1163 1813 quo
1199 1746 1338 1815 volq.
1378 1744 1531 1814 quod
1557 1746 1613 1800 A
1660 1746 1681 1817 ΙΙ
1730 1745 2070 1815 Subscriptio
2106 1748 2287 1803 minio

227 1817 386 1884 picta
433 1816 564 1871 haec
613 1823 716 1871 est:
790 1815 850 1869 L.
888 1818 954 1870 A.
993 1815 1172 1870 Senec
1209 1857 1220 1869 .
1303 1816 1395 1870 Ad
1452 1815 1720 1871 Serenum
1774 1815 2285 1888 Detranquillitate

229 1887 413 1941 'animi
452 1888 700 1958 explicit.
737 1887 758 1959 Η
793 1888 1002 1959 Incipit
1038 1887 1130 1941 Ad
1214 1887 1469 1958 auljnum
1508 1888 1590 1943 De
1628 1889 1912 1944 breuitate
1948 1891 2085 1962 uite.

2322 1093 2375 1132 10
