2544 3746
160 1078 213 1117 10

160 1524 212 1564 15

157 1973 212 2014 20

305 100 408 155 AD
437 98 791 156 SERENVM
823 99 920 154 DE
950 98 1593 165 TRANQVILLITATE
1622 98 1841 153 ANIMI
1871 97 2022 153 CAP.
2050 104 2081 153 2
2167 101 2294 166 247

252 246 489 313 alicubi
528 246 743 312 obstes
781 245 921 329 tibi,
958 244 1195 311 alicubi
1223 245 1536 327 irascariS,
1573 243 1809 309 alicubi
1839 243 2035 309 instes
2066 245 2300 329 gravis,

253 337 364 403 sed
417 336 562 419 ille,
626 336 798 421 quod
858 336 1160 400 ultimum
1224 334 1431 417 venit,
1493 337 1566 398 ut
1626 334 1820 399 fidem
1888 333 2009 398 tibi
2062 333 2297 399 habeas

252 431 318 492 et
371 429 548 491 reeta
602 426 693 492 ire
747 428 812 490 te
858 425 964 489 via
1015 425 1260 508 credas,
1324 423 1492 489 nihil
1554 428 1859 490 avocatus
1919 423 2297 488 transversis

253 516 608 581 multorum
669 514 959 601 vestigiis
1015 513 1256 599 passim
1313 514 1836 596 discurrentium,
1894 512 2297 596 quorundam

253 606 426 670 circa
487 606 695 689 ipsam
761 604 1111 668 errantium
1174 603 1365 668 viam.
1467 603 1641 687 quod
1702 601 2019 668 desideras
2081 605 2297 666 autem
2336 650 2347 663 .

252 716 559 781 magnum
607 697 672 759 et
709 715 1033 758 summum
1076 697 1173 758 est
1209 693 1458 778 deoque
1495 691 1805 776 vicinum,
1851 713 1984 756 non
2020 690 2297 757 concuti.

250 784 420 848 hanc
479 783 777 848 stabilem
843 783 1042 848 animi
1089 783 1304 847 sedem
1352 780 1578 847 Graeci
1623 782 2000 866 euthymian
2044 784 2299 864 vocant,

251 874 331 938 de
393 894 521 956 qua
583 872 939 938 Democriti
998 874 1305 937 volumen
1364 871 1695 959 egregium
1755 875 1880 954 est3
1940 890 2060 957 ego
2126 874 2296 935 tran-

252 963 639 1047 quillitatem
687 983 876 1027 voco:
929 982 1051 1026 nec
1097 961 1268 1025 enim
1316 962 1556 1026 imitari
1601 965 1669 1025 et
1711 960 2058 1025 transferre
2102 960 2297 1025 verba

250 1052 332 1116 ad
370 1052 631 1116 illorum
671 1050 947 1115 formam
985 1071 1242 1116 necesse
1280 1055 1405 1133 est3
1440 1073 1541 1115 res
1579 1051 1748 1134 ipsa,
1785 1050 1862 1115 de
1901 1070 2029 1134 qua
2064 1049 2297 1135 agitur,

250 1141 470 1225 aliquo
509 1139 824 1227 signanda
858 1140 1121 1205 nomine
1157 1144 1283 1222 est,
1320 1139 1494 1223 quod
1531 1137 1985 1225 appellationis
2020 1136 2296 1205 Graecae

249 1232 384 1295 vim
432 1229 622 1295 debet
665 1230 928 1313 habere,
974 1250 1109 1294 non
1152 1229 1403 1294 faciem.
1497 1251 1650 1315 ergo
1700 1229 2095 1313 quaerimus,
2140 1250 2297 1312 quo-

250 1320 445 1385 modo
510 1321 764 1385 animus
829 1340 1082 1404 semper
1145 1319 1399 1403 aequali
1463 1319 1872 1403 secundoque
1937 1339 2128 1383 cursu
2191 1320 2297 1383 eat

249 1409 700 1493 propitiusque
747 1409 872 1474 sibi
919 1409 1003 1473 sit
1049 1412 1115 1473 et
1159 1431 1276 1473 sua
1320 1410 1527 1473 laetus
1575 1407 1846 1492 aspiciat
1882 1411 1947 1472 et
1980 1407 2107 1472 hoc
2142 1428 2295 1493 gau-

250 1498 430 1564 dium
485 1520 620 1563 non
673 1497 1130 1582 interrumpat,
1193 1498 1305 1562 sed
1352 1497 1607 1581 placido
1656 1500 1831 1561 statu
1877 1500 2133 1561 maneat
2175 1517 2297 1562 nec

250 1588 570 1653 adtollens
635 1609 702 1653 se
766 1609 1076 1673 umquam
1131 1608 1250 1651 nec
1297 1586 1689 1672 deprimens·
1749 1586 1816 1651 id
1860 1585 2294 1669 tranquillitas

250 1677 387 1743 erit.
465 1676 790 1761 quomodo
838 1677 917 1742 ad
963 1678 1131 1742 hanc
1175 1676 1497 1762 perveniri
1541 1675 1777 1761 possit,
1819 1675 1889 1739 in
1924 1675 2294 1741 universum

251 1788 660 1851 quaeramus:
733 1786 946 1831 sumes
1015 1770 1090 1831 tu
1163 1788 1244 1831 ex
1310 1765 1570 1869 publico
1635 1765 1915 1831 remedio
1982 1768 2294 1850 quantum

248 1858 443 1923 voles.
519 1859 732 1922 totum
779 1855 1038 1921 interim
1085 1855 1318 1921 vitium
1364 1856 1431 1921 in
1468 1854 1751 1922 medium
1787 1854 2294 1940 protrahendum

250 1950 376 2029 est,
431 1968 510 2011 ex
566 1966 692 2029 quo
741 1949 1051 2048 agnoscet
1094 1946 1369 2030 quisque
1414 1949 1665 2029 partem
1712 1967 1923 2029 suam3
1982 1944 2178 2010 simul
2220 1949 2295 2010 tu

248 2035 614 2122 intelleges,
641 2040 911 2138 ‘quanto
968 2035 1179 2100 minus
1237 2034 1487 2121 negotii
1538 2034 1774 2100 habeas
1830 2055 1979 2100 cum
2032 2033 2293 2099 fastidio

247 2126 348 2191 tui
395 2146 588 2209 quam
636 2125 708 2209 ii,
756 2145 920 2209 quos
967 2125 1048 2190 ad
1093 2124 1561 2208 professionem
1602 2124 1957 2209 speciosam
1994 2123 2293 2210 alligatos

248 2219 314 2280 et
386 2215 508 2280 sub
583 2213 833 2301 ingenti
894 2214 1089 2278 titulo
1151 2213 1505 2280 laborantis
1570 2214 1639 2278 in
1705 2236 1821 2280 sua
1884 2212 2294 2279 simulatione

247 2304 460 2389 pudor
504 2305 711 2390 magis
760 2325 954 2387 quam
999 2305 1300 2368 voluntas
1345 2307 1541 2369 tenet.

429 2391 665 2458 Omnes
725 2394 796 2458 in
858 2392 1082 2458 eadem
1138 2414 1333 2459 causa
1387 2397 1567 2475 sunt,
1627 2396 1694 2457 et
1745 2391 1818 2456 hi
1874 2391 1986 2476 qui
2028 2392 2292 2458 levitate
2330 2409 2362 2458 6

246 2485 564 2548 vexantur
636 2503 712 2548 ac
782 2482 996 2548 taedio
1065 2482 1459 2566 adsiduaque
1527 2481 1885 2546 mutatione
1953 2481 2291 2567 propositi,

249 2572 482 2656 quibus
538 2593 791 2657 semper
846 2571 1053 2658 magis
1108 2574 1323 2657 placet
1368 2570 1543 2654 quod
1586 2569 2013 2654 reliquerunt,
2067 2573 2133 2636 et
2176 2570 2294 2654 illi,

249 2661 363 2744 qui
421 2665 707 2727 marcent
760 2664 825 2725 et
884 2661 1254 2726 oscitantur.
1348 2659 1527 2726 adice
1572 2681 1712 2742 eos,
1771 2659 1884 2743 qui
1927 2680 2061 2724 non
2106 2659 2291 2724 aliter

250 2771 445 2832 quam
504 2750 736 2834 quibus
798 2748 1082 2814 difficilis
1147 2771 1412 2815 somnus
1469 2752 1567 2815 est
1620 2752 1878 2813 versant
1932 2768 2001 2813 se
2056 2752 2121 2813 et
2163 2748 2291 2823 hoc

249 2842 443 2924 atque
489 2838 604 2903 illo
652 2838 845 2904 modo
884 2842 1309 2922 componunt,
1355 2838 1559 2903 donec
1594 2837 1874 2922 quietem
1909 2836 2290 2904 lassitudine

249 2926 610 2992 inveniant:
669 2931 911 2992 statum
974 2927 1144 2992 vitae
1206 2949 1357 2993 suae
1415 2925 1823 2992 reformando
1884 2925 2157 2991 subinde
2218 2926 2290 2992 in

249 3037 324 3081 eo
371 3015 720 3081 novissime
765 3019 1055 3099 manent,
1099 3017 1170 3080 in
1215 3037 1344 3101 quo
1384 3015 1532 3080 illos
1568 3037 1701 3080 non
1738 3015 2031 3080 mutandi
2068 3013 2288 3081 odium

427 3189 460 3244 1
491 3188 715 3245 alicube
744 3191 866 3260 (ter)
895 3190 952 3246 A
977 3189 999 3263 ΙΙ
1033 3188 1070 3243 2
1095 3188 1194 3244 1110
1223 3189 1457 3258 Lipsius
1492 3189 1635 3244 illud
1664 3190 1721 3246 A
1756 3190 1777 3262 ΙΙ
1810 3189 1847 3244 3
1872 3192 2031 3244 trans
2056 3189 2209 3245 uersi
2231 3190 2288 3246 A

245 3278 387 3319 corr.
416 3263 506 3318 vol
504 3279 554 3334 9.
600 3261 621 3335 ΙΙ
669 3262 706 3317 5
739 3191 896 3316 uia1)n
934 3279 1070 3318 corr.
1099 3278 1168 3317 ex
1201 3261 1383 3316 uitam
1413 3263 1468 3317 A
1512 3261 1531 3335 ΙΙ
1580 3263 1608 3318 7
1648 3262 1979 3332 cythymian
2004 3263 2061 3319 A
2098 3263 2288 3318 malim

246 3339 531 3413 εὐθυμίαν
565 3341 586 3416 ΙΙ
621 3341 693 3398 10
719 3341 901 3399 forma
929 3343 984 3398 A
1021 3358 1158 3398 corr
1186 3343 1324 3412 voly.
1360 3342 1381 3416 ΙΙ
1426 3341 1496 3398 13
1533 3343 1751 3416 equalijs
1779 3343 1835 3398 A
1870 3342 1890 3416 ΙΙ
1928 3341 1999 3397 22
2037 3340 2079 3396 11
2107 3341 2189 3397 A¹
2225 3340 2286 3394 hi

246 3433 318 3541 gal.
355 3414 714 3543 Zarex-nemsi)
739 3414 1319 3544 ῗοέἒεὲἑῡῖιέἐὲἓοιίὲ
1356 3416 1451 3470 sed
1485 3417 1704 3488 virgula
1731 3421 1925 3485 postea
1962 3431 2120 3470 erasa
2156 3419 2233 3468 est
2266 3411 2287 3485 Η
