2544 3746
245 105 376 171 366
629 104 690 158 L.
720 100 1006 157 ΑΝΝΑΕΙ
1041 54 1377 158 samem
1413 101 1605 157 nm.
1634 101 1771 156 Lm.
1798 99 1917 156 ΧΠ.

244 270 378 314 non
441 248 813 333 parandum
862 249 986 314 tibi
1047 268 1223 313 nunc
1289 251 1458 312 esset
1521 247 1835 312 auxilium
1889 251 2119 314 contra
2169 248 2300 315 for·

244 341 468 403 tunam
539 337 650 403 sed
708 336 1194 422 proferendum:
1252 340 1521 421 propter
1588 337 1745 402 istas
1758 386 1777 420 ‚
1846 357 2009 420 quae
2062 337 2298 403 litteris

243 450 379 493 non
433 427 519 492 ad
583 427 966 511 sapientiam
1029 429 1305 491 utuntur
1374 426 1485 491 sed
1550 426 1631 492 ad
1686 426 2011 494 luxuriam
2066 427 2301 493 instru-

243 520 468 600 untur,
513 517 727 587 minus
773 520 838 582 te
884 516 1220 603 indulgere
1259 515 1507 581 studiis
1529 538 1757 599 passus
1796 519 1910 581 est.
1984 516 2297 583 beneficio
2501 582 2502 613 ¹

243 610 462 671 tamen
503 606 757 690 rapacis
803 606 1049 692 ingenii
1092 605 1242 690 plus
1282 626 1477 689 quam
1514 626 1633 689 pro
1672 608 1961 691 tempore
1998 604 2300 688 hausisti3
2358 627 2379 668 5

243 695 414 761 iacta
459 698 611 761 sunt
655 695 1143 780 disciplinarum
1189 695 1482 771 omnium
1517 694 1963 760 fundamenta:
2008 716 2186 761 nunc
2219 695 2300 761 ad
2501 690 2502 697 ἵ

173 800 206 849 5
245 784 390 849 illas
453 788 800 867 revertere:
862 786 1072 848 tutam
1131 787 1201 849 -te
1265 784 1702 869 praestabunt.
1794 784 1944 850 illae
2010 786 2302 851 consola-

242 874 533 957 buntur„
558 875 708 939 illae
756 874 1194 957 delectabunt,
1239 873 1391 939 illae
1438 874 1495 938 si
1531 873 1703 956 bona
1738 873 1867 939 fide
1904 874 1975 939 in
2010 875 2300 939 animum

242 967 438 1037 tuum·
504 964 935 1047 intraverint,
987 983 1345 1047 numquam
1417 964 1698 1049 amplius
1750 964 2033 1029 intrabit
2098 963 2303 1048 dolor,
2501 1036 2502 1039 Ἴ

243 1074 599 1138 numquam
663 1054 1061 1137 sollicitudO,
1125 1074 1481 1137 numquam
1548 1053 2008 1135 adflictationis
2068 1053 2303 1119 inritae
2337 1077 2384 1117 ιο
2501 1060 2502 1139 ᾖ

244 1164 641 1226 supervacua
685 1143 971 1208 vexatio:
1025 1144 1192 1207 nulli
1238 1143 1473 1208 horum
1519 1142 1769 1228 patebit
1815 1146 2041 1227 pectus
2088 1147 2303 1229 tuum:
2501 1146 2502 1151 ’

241 1253 396 1297 nam
433 1232 660 1298 ceteris
698 1232 875 1297 vitiis
913 1234 1044 1297 iam
1080 1232 1334 1317 pridem
1371 1232 1623 1298 clusum
1660 1235 1775 1297 est.
1850 1232 2009 1297 haec
2039 1232 2301 1315 quidem

245 1321 603 1387 certissima
656 1321 976 1406 praesidia
1023 1326 1174 1387 sunt
1221 1324 1287 1387 et
1332 1344 1496 1406 quae
1542 1322 1682 1388 sola
1726 1325 1791 1386 te
1837 1322 2137 1388 fortunae
2184 1324 2305 1389 eri-

243 1433 397 1496 pere
433 1411 710 1496 possint.
2501 1428 2502 1489 ῑ

173 1515 202 1566 1
353 1516 356 1519 “
421 1498 684 1567 XVIH.'
737 1497 866 1565 Sed
926 1501 1106 1585 quia,
1165 1499 1321 1564 dum
1381 1500 1451 1565 in
1510 1501 1698 1566 illum‘
1756 1504 2048 1585 portum,
2109 1523 2304 1586 quem
2336 1524 2383 1565 ιε
2501 1512 2502 1571 l

243 1590 366 1656 tibi
429 1590 652 1655 studia·
704 1590 1124 1674 promittunt,
1196 1589 1493 1674 pervenis
1502 1634 1526 1669 ,-
1588 1589 1999 1658 adminiculis
2064 1592 2302 1675 quibus

241 1680 540 1744 innitaris
588 1700 752 1764 opus
800 1682 926 1763 est,
970 1680 1122 1744 volo
1169 1678 1432 1744 interim
1478 1680 1721 1745 solacia
1763 1680 1885 1746 tibi
1930 1684 2045 1745 tua
2092 1684 2306 1747 osten-
2500 1708 2502 1757 ι

245 1767 409 1833 dere.
498 1768 749 1853 respice
793 1768 1025 1833 fratres
1073 1789 1279 1850 meos,
1326 1768 1563 1852 quibus
1612 1770 1807 1834 salvis
1852 1769 1951 1833 fas
1999 1770 2123 1835 tibi
2167 1792 2304 1835 non
2501 1770 2502 1789 ἦ

171 1875 202 1922 2
243 1860 343 1923 est
387 1879 688 1924 accusare
731 1858 1075 1924 fortunam.
1169 1858 1240 1922 in
1285 1861 1562 1943 utroque
1607 1858 1836 1942 habes,
1883 1859 2058 1944 quod
2106 1864 2172 1925 te
2212 1859 2302 1925 di·
2501 1937 2502 1944 ἵ

240 1968 427 2013 versa
498 1949 737 2012 virtute
812 1947 1111 2014 delectet:
1185 1948 1350 2012 alter
1420 1947 1702 2015 honores
1766 1948 2086 2015 industria
2150 1971 2303 2016 con·
2336 1971 2383 2010 80
2501 1947 2502 1988 ³

243 2040 499 2102 secutus
591 2040 715 2120 est,
806 2038 970 2102 alter
1051 2037 1373 2121 sapienter
1454 2039 1863 2122 contempsit.
1958 2039 2303 2122 adquiesco
2501 2037 2502 2040 '

241 2126 504 2192 alterius
542 2125 639 2190 fili
676 2125 992 2212 dignitate
999 2176 1018 2210 ,
1064 2127 1329 2191 alterius
1368 2127 1611 2210 quiete,
1656 2128 1993 2211 utriusque
2031 2130 2301 2212 pietate!

241 2216 398 2281 novi
453 2216 729 2281 fratrum
788 2236 1080 2281 meorum
1139 2215 1406 2281 intimos
1462 2216 1779 2282 adfectus:
1838 2218 2003 2282 alter
2054 2219 2128 2282 in
2171 2219 2302 2284 hoc

242 2303 625 2391 dignitatem
671 2305 935 2388 excolit,
981 2309 1056 2369 ut
1099 2304 1223 2369 tibi
1271 2310 1650 2372 ornamento
1698 2307 1809 2389 sit,
1857 2307 2021 2372 alter
2066 2309 2137 2372 in
2170 2309 2303 2373 hoc

243 2415 312 2472 se
371 2394 454 2459 ad
507 2395 926 2479 tranquillam
987 2395 1401 2479 quietamque
1460 2396 1665 2468 vitam
1716 2397 1991 2481 recepit,
2048 2400 2125 2461 ut
2176 2397 2305 2463 tibi
2338 2416 2387 2457 πε
2501 2467 2502 2476 ¹

170 2499 203 2548 3
240 2487 442 2549 vacet.
533 2484 695 2549 bene
749 2484 990 2550 liberos
1045 2488 1194 2549 tuos
1251 2488 1317 2550 et
1371 2485 1442 2549 in
1498 2486 1813 2550 auxilium
1859 2489 1926 2550 et
1969 2487 2042 2552 in
2088 2486 2304 2552 oblec-

239 2576 599 2638 tamentum
662 2573 924 2638 fortuna
989 2573 1339 2659 disposuit:
1401 2578 1587 2659 potes
1654 2575 1917 2640 alterius
1978 2575 2303 2662 dignitate

242 2661 526 2746 defendi,
582 2663 844 2728 alterius
905 2663 1040 2728 otio
1095 2664 1243 2729 frui.
1338 2665 1675 2730 certath
1720 2665 1790 2730 in
1833 2669 1900 2730 te
1949 2664 2187 2731 officiis
2236 2670 2306 2732 et

239 2753 432 2817 unius
478 2752 864 2818 desiderium
912 2753 1187 2818 duorum
1233 2753 1476 2838 pietate
1514 2753 1947 2840 supplebitur3
1992 2755 2303 2822 audacter

239 2863 506 2927 possum
551 2843 955 2927 promittere:
1009 2843 1178 2907 nihil
1221 2843 1344 2908 tibi
1391 2844 1593 2909 deerit
1637 2848 1891 2929 praeter
1935 2866 2302 2912 numerum.
2340 2867 2389 2906 :o

169 2947 204 2996 4
242 2930 324 2996 ab
373 2931 482 2996 his
539 2932 620 2996 ad
663 2936 932 3017 nepotes
981 2953 1240 3017 quoque
1287 2935 1561 3018 respice:
1616 2933 1909 3000 Marcum
1954 2934 2302 3001 blandissi-

241 3043 418 3085 mum
473 3043 772 3106 puerum,
828 3021 909 3087 ad
966 3023 1149 3087 cuius
1209 3027 1629 3108 conspectum
1682 3024 1865 3088 nulla
1918 3027 2138 3107 potest
2183 3024 2301 3091 du-

418 3194 455 3248 5
500 3196 724 3264 rapacis
768 3197 825 3251 A
874 3197 1102 3267 capacis
1154 3197 1427 3254 Schultess
1475 3200 1595 3254 coll.
1627 3195 1773 3253 dial.
1819 3199 1921 3254 XI
1963 3205 2053 3266 15,
2082 3205 2118 3255 3
2128 3221 2149 3268 ;
2204 3201 2303 3256 sed

239 3265 362 3319 vide
400 3283 479 3333 ep.
511 3271 599 3332 95,
626 3269 699 3320 36
746 3267 766 3338 ΙΙ
817 3266 888 3321 15
925 3273 1034 3341 que
1067 3270 1122 3323 A
1171 3269 1192 3340 Η
1243 3268 1315 3322 16
1349 3270 1613 3338 peruenis
1649 3271 1705 3324 A
1756 3272 2080 3339 perveneris
2124 3272 2301 3342 v019.;

241 3334 386 3388 illud
412 3337 758 3391 retinendum
796 3344 871 3392 est
909 3339 1011 3405 cfr.
1049 3356 1128 3408 ep.
1161 3343 1248 3407 19,
1283 3344 1381 3406 12;
1417 3344 1505 3408 52,
1533 3346 1567 3395 5
1606 3347 1655 3396 et
1683 3341 2020 3397 Wazdaestez
2044 3344 2111 3397 in
2136 3343 2297 3398 Dias.

245 3404 381 3458 Hal.
417 3409 567 3487 3888
610 3423 684 3475 p:
713 3412 783 3462 55
831 3409 852 3492 [l
905 3408 977 3464 18
1027 3410 1234 3464 fratres
1285 3427 1439 3468 meos
1490 3412 1625 3482 voly.
1682 3411 1887 3468 statres
1934 3414 2001 3469 ut
2046 3429 2143 3469 eos
2183 3413 2244 3469 A
2277 3413 2299 3486 fl

244 3472 316 3526 22
351 3473 456 3528 filu
493 3491 630 3532 corr.
661 3494 730 3532 ex
765 3478 847 3532 fih
883 3481 1012 3547 fort.
1043 3481 1128 3537 A²
2208 3529 2215 3536 ·
