2544 3746
565 43 664 97 DE
703 41 1169 98 CONSTANTIA
1207 41 1585 98 SAPIENTIS
1624 42 1777 101 CAP.
1812 50 1894 100 16.
1930 51 1993 99 17
2216 47 2301 112 41

253 190 417 255 illud
464 189 643 274 quod
679 189 1074 255 contumelia
1108 188 1388 254 dicitur?
1452 189 1521 253 in
1549 190 1777 272 capitis
1815 190 1944 254 mei
1977 190 2307 254 levitatem

253 280 504 346 iocatus
568 281 668 344 est
721 281 786 343 et
839 279 908 342 in
962 279 1300 344 oculorum
1347 278 1766 344 valitudinem
1822 283 1887 344 et
1932 280 2001 344 in
2045 301 2305 345 crurum

255 369 686 456 gracilitatem
731 371 796 432 et
841 369 910 433 in
955 371 1296 434 staturam:
1343 390 1507 452 quae
1553 370 1945 434 contumelia
1989 373 2087 434 est
2132 370 2307 453 quod

253 462 524 545 apparet
579 456 842 523 audire?
931 478 1151 523 coram
1208 479 1342 522 uno
1402 459 1648 542 aliquid
1702 459 1945 524 dictum
2004 459 2309 543 ridemus,

191 568 216 609 ⁶
253 561 476 615 coram
546 548 843 633 pluribus
925 546 1367 633 indignamur,
1448 551 1547 636 et,
1594 569 1818 613 eorum
1896 548 2039 614 aliis
2117 549 2304 614 liber-

251 641 453 703 tatem
543 658 679 701 non
772 636 1226 720 relinquimus,
1312 658 1475 720 quae
1551 637 1677 720 ipsi
1754 638 1823 701 in
1893 659 2013 703 nos
2097 637 2305 702 dicere

253 726 694 810 adsuevimus3
775 726 936 791 iocis
1016 727 1391 811 temperatis
1475 725 1893 809 delectamur,
1964 725 2305 792 inmodicis

253 838 612 883 irascimur.

431 903 640 970 XVII.
697 901 1093 989 Chrysippus
1141 905 1233 969 ait
1279 904 1599 988 quendam
1643 904 2081 990 indignatum,
2132 905 2304 988 quod
2348 925 2374 971 1

161 1015 214 1056 ιο
250 996 434 1060 11111111
504 993 740 1077 aliquis
795 1015 1126 1058 vervecem
1192 994 1515 1058 marinum
1579 994 1843 1059 dixerat.
1947 995 2016 1058 in
2080 999 2304 1060 senatu

249 1084 514 1150 flentem
581 1082 861 1148 vidimus
944 1081 1177 1147 Fidum
1253 1080 1649 1166 Cornelium,
1729 1082 2011 1148 Nasonis
2090 1082 2307 1150 Ovidii

249 1195 587 1260 generum,
620 1194 769 1238 cum
807 1172 992 1236 illum
1024 1170 1305 1238 Corbulo
1344 1173 1916 1240 struthocamelum
1953 1173 2305 1257 depilatum

249 1263 545 1346 dixisset3
598 1262 901 1328 adversus
947 1262 1076 1327 alia
1128 1262 1471 1327 maledicta
1529 1283 1739 1328 mores
1793 1266 1858 1327 et
1911 1263 2112 1328 vitam
2158 1284 2306 1328 con-

247 1353 656 1418 vulnerantia
697 1351 932 1416 frontis
987 1352 1087 1415 illi
1139 1352 1413 1416 firmitas
1460 1352 1780 1434 constitit,
1823 1351 2125 1418 adversus
2180 1353 2306 1418 hoc

154 1461 210 1502 15
247 1445 383 1507 tam
444 1441 794 1507 absurdum
851 1441 1154 1506 lacrimae
1209 1440 1648 1525 prociderunt:
1705 1444 1889 1505 tanta
1943 1442 2304 1506 animorum

247 1529 636 1596 inbecillitas
694 1533 819 1613 est,
871 1529 985 1594 ubi
1041 1530 1209 1594 ratio
1256 1529 1565 1595 discessit.
1658 1529 1813 1614 quid
1825 1578 1843 1610 ,
1890 1530 2062 1613 quod
2110 1530 2305 1595 offen·
2343 1548 2375 1595 2

249 1620 492 1702 dimur,
555 1620 613 1684 si
675 1620 822 1703 quis
895 1640 1255 1685 sermonem
1320 1623 1615 1684 nostrum
1670 1619 1990 1702 imitatur,
2044 1619 2100 1684 si
2159 1620 2303 1703 quis

247 1710 603 1791 incessum,
656 1709 714 1774 81
769 1709 914 1792 quis
961 1709 1192 1773 vitium
1240 1708 1505 1792 aliquod
1552 1709 1841 1792 corporis
1888 1707 2019 1773 aut'
2043 1709 2303 1793 linguae

249 1796 599 1883 exprimit?
688 1798 876 1882 quasi
920 1798 1178 1863 notiora
1221 1797 1339 1862 illa
1382 1798 1542 1862 fiant
1587 1798 1716 1862 alio
1768 1797 2062 1862 imitante
2110 1818 2304 1882 quam

151 1910 210 1950 20
247 1890 439 1954 nobis
497 1888 911 1953 facientibus!
1002 1892 1396 1954 senectutem
1459 1888 1722 1972 quidam
1786 1887 1976 1952 inviti
2035 1887 2305 1952 audiunt

247 1982 314 2043 et
369 1998 567 2043 canos
623 1980 688 2042 et
739 1977 869 2042 alia
914 1976 995 2042 ad
1041 1998 1205 2061 quae
1251 1981 1406 2042 voto
1454 1978 1851 2061 pervenitu13
1906 1976 2305 2061 paupertatis

249 2067 667 2132 maledictum
715 2065 1028 2151 quosdam
1076 2068 1384 2151 perussit,
1439 2088 1631 2151 quam
1680 2067 1804 2132 sibi
1851 2067 2088 2132 obiecit
2132 2067 2306 2151 quis-

248 2158 396 2242 quis
445 2156 809 2222 abscondit:
855 2156 1072 2241 itaque
1117 2158 1389 2222 materia
1428 2157 1866 2242 petulantibus
1904 2160 1969 2221 et
2003 2178 2119 2241 per
2154 2178 2304 2222 con-

245 2247 586 2312 tumeliam
650 2247 912 2312 urbanis
977 2246 1361 2331 detrahitur,
1424 2247 1480 2313 si
1542 2247 1715 2311 ultro
1770 2246 1952 2311 illam
2008 2249 2073 2311 et
2124 2246 2306 2329 prior

150 2356 208 2397 38
247 2358 559 2421 occupes3
609 2358 800 2401 nemo
857 2336 1059 2402 risum
1106 2337 1402 2420 praebuit
1448 2335 1560 2421 qui
1606 2357 1684 2402 ex
1732 2357 1799 2402 se
1845 2336 2030 2420 cepit.
2123 2334 2303 2400 Vati·
2340 2352 2371 2399 3

244 2426 459 2508 nium,
502 2425 834 2490 hominem
881 2429 1103 2491 natum
1144 2428 1209 2491 et
1244 2425 1328 2490 ad
1372 2426 1575 2491 risum
1613 2429 1678 2490 01
1715 2425 1796 2489 ad
1834 2425 2085 2507 odium,
2128 2446 2303 2490 scur-

245 2537 386 2579 ram
433 2514 636 2580 fuisse
680 2518 745 2579 et
769 2518 1112 2581 venustum
1152 2536 1227 2581 ac
1258 2514 1543 2581 dicacem
1579 2515 1927 2580 memoriae
1971 2513 2301 2598 proditum

246 2608 360 2671 est.
455 2605 525 2669 in
578 2602 774 2689 pedes
830 2626 980 2671 suos
1037 2605 1176 2689 ipse
1227 2604 1512 2689 plurima
1564 2604 1816 2670 dicebat
1861 2608 1925 2668 et
1971 2605 2040 2667 in
2085 2604 2301 2669 fauces

246 2694 568 2760 concisas:
633 2694 728 2759 sic
781 2694 1222 2778 inimicorum,
1287 2716 1450 2779 quos
1506 2694 1722 2777 plures
1776 2693 2051 2758 habebat
2107 2716 2299 2778 quam

148 2803 208 2843 so
244 2784 543 2867 morbos,
596 2786 661 2848 01
714 2783 785 2849 111
839 2784 1066 2868 primis
1115 2782 1442 2849 Ciceronis
1496 2784 1925 2849 urbanitatem
1972 2783 2298 2869 effugerat.

425 2992 465 3048 8
501 3008 614 3062 que
640 2994 697 3049 A
791 2994 822 3049 7
862 2993 1225 3049 adsueuimus
1262 3011 1401 3049 corr.
1432 2996 1495 3049 iva
1532 3010 1651 3049 aas·
1685 2995 1813 3062 fort.
1844 2993 1931 3050 A¹
1956 2993 1976 3066 ΙΙ
2004 2994 2075 3048 10
2101 2992 2297 3048 berbe-

246 3081 368 3121 cem
399 3066 457 3121 A
489 3080 629 3121 corr.
659 3077 694 3119 ς
784 3065 856 3120 12
883 3065 1199 3135 depilatum
1225 3068 1284 3121 A
1322 3067 1444 3121 tolli
1479 3067 1592 3121 volt
1629 3066 1794 3121 Gertz
1830 3072 2111 3135 tamquam
2146 3073 2300 3121 vetus

244 3138 688 3193 additamentum
743 3136 1134 3206 deplumatum
1175 3138 1415 3208 Bentley
1466 3138 1487 3209 Η
1540 3136 1609 3191 18
1651 3138 1827 3191 vitam
1874 3138 2010 3208 volq.
2049 3138 2180 3192 mdc
2226 3138 2297 3192 ab

245 3208 505 3265 Erasm.¹
531 3208 679 3263 uitia
705 3210 761 3264 A
799 3210 807 3281 Ι
849 3211 908 3264 01
936 3208 1407 3264 conuulnerantia
1430 3211 1486 3265 A
1513 3210 1609 3266 sed
1645 3211 1705 3264 et
1731 3216 1924 3279 postea
1961 3210 2192 3265 deletum
2219 3218 2299 3265 est

246 3279 368 3335 eius
413 3296 580 3335 conv·
621 3280 787 3336 Gertz
830 3279 852 3352 ΙΙ
900 3279 971 3335 20
1007 3281 1237 3349 quidem
1266 3282 1323 3336 A
1360 3298 1498 3337 corr.
1538 3281 1675 3351 voly.
1713 3281 1737 3364 {l
1769 3280 1841 3334 25
1878 3279 2032 3352 cepit
2058 3283 2114 3337 A
2150 3281 2298 3335 unde

245 3352 438 3421 coepit
467 3352 628 3407 Koch
659 3350 681 3423 ΙΙ
725 3351 794 3407 27
834 3354 894 3406 et
928 3354 1224 3407 venustum
1254 3353 1311 3407 A
1348 3355 1407 3407 et
1444 3355 1517 3422 (=
1546 3355 1605 3407 01
1643 3352 1872 3421 quidem
1909 3352 2010 3419 cfr.
2041 3369 2102 3421 p.
2124 3356 2212 3419 49,
2230 3356 2299 3417 3;

245 3425 397 3493 epist.
423 3423 500 3479 H.
522 3440 585 3493 p.
605 3427 695 3491 97,
715 3430 785 3491 6;
813 3427 935 3491 124,
956 3428 1048 3494 15)
1084 3426 1238 3494 volqo
1276 3424 1487 3479 deletur

16 3687 588 3706 ffi——.-
607 3706 610 3708 .
