2544 3746
241 63 325 129 12
663 59 725 115 L.
754 58 1041 116 ANNAEI
1075 57 1407 114 SENECAE
1443 57 1633 113 DIAL.
1662 57 1798 113 LIB.
1826 57 1868 112 Ι.

236 210 475 293 urgent
500 227 692 272 saeva
726 205 1116 290 inexpertos,
1141 226 1338 291 grave
1366 208 1467 271 est
1490 207 1749 270 tenerae
1777 203 2010 271 cervici
2035 203 2278 291 iugum.
2506 199 2509 278 k

238 295 322 362 ad
379 295 816 381 suspicionem
858 294 1143 361 vulneris
1202 293 1331 360 tiro
1384 294 1710 379 pallescit,
1762 294 2066 360 audacter
2108 297 2279 359 vete-

236 407 432 452 ranus
479 406 773 452 cruorem
819 406 1010 450 suum
1056 386 1334 469 spectat,
1378 383 1492 468 qui
1536 383 1662 449 scit
1705 403 1775 449 se
1820 405 2010 469 saepe
2049 382 2279 448 vicisse

235 478 389 559 post
446 474 846 562 sanguinem.
933 473 1056 540 hos
1098 473 1321 558 itaque
1365 472 1523 539 deus
1571 494 1734 557 quos
1791 471 2054 557 probat,
2117 493 2281 557 quos

237 567 444 648 amat,
487 563 776 649 indurat,
818 562 1254 650 recognoscit,
1299 565 1582 647 exercet3
1626 583 1737 628 eos
1783 565 2001 628 autem
2045 561 2279 646 quibus
2338 584 2373 626 -ε

235 652 571 740 indulgere
598 652 880 737 videtur,
926 651 1161 738 quibus
1193 673 1483 737 parcere,
1518 652 1747 717 molles
1775 651 2064 718 venturis
2091 650 2279 716 malis

235 747 464 808 servat.
569 741 796 808 erratis
870 741 1071 825 enim,
1142 742 1202 806 si
1274 763 1468 826 quem
1539 738 1847 807 iudicatis
1913 744 2279 825 exceptum:

232 831 450 899 veniet
509 837 566 898 et
627 831 709 898 ad
753 831 941 898 illum
1005 830 1117 897 diu
1178 830 1435 898 felicem
1499 851 1617 897 sua
1679 831 1922 915 porti03
1987 829 2285 915 quisquis·

162 937 196 988 8
233 922 490 994 videtur
525 921 828 988 dimissus
865 941 1033 1006 esse,
1077 919 1318 1000 dilatus
1356 925 1471 986 est.
1535 942 1734 1005 quare
1771 920 1929 986 deus
1957 919 2277 1005 optimum

235 1031 554 1095 quemque
614 1014 729 1076 aut
786 1012 958 1077 mala
1001 1010 1359 1078 valitudine
1418 1013 1532 1075 aut
1587 1010 1771 1076 luctu
1826 1013 1940 1075 aut
1994 1009 2139 1074 aliis
2184 1009 2279 1074 in-
2317 1034 2368 1076 ιο

233 1101 590 1166 commodis
652 1099 899 1166 afficit?
991 1100 1143 1184 quia
1200 1100 1272 1164 in
1331 1099 1557 1165 castris
1614 1121 1872 1184 quoque
1917 1099 2279 1184 periculosa

230 1189 601 1256 fortissimis
647 1191 1074 1275 imperantur:
1120 1188 1254 1255 dux
1296 1189 1683 1256 lectissimos
1721 1189 1945 1273 mittit,
1981 1189 2094 1272 qui
2127 1209 2278 1254 noc-

230 1279 439 1345 turnis
498 1279 719 1345 hostes
779 1278 1241 1366 aggrediantur
1297 1277 1548 1345 insidiis
1605 1282 1719 1344 aut
1773 1279 2115 1363 explorent
2154 1277 2280 1343 iter

231 1372 346 1433 aut
388 1368 781 1454 praesidium
825 1368 972 1434 loco
1020 1367 1316 1434 deiciant.
1387 1389 1579 1434 nemo
1627 1389 1851 1433 eorum
1890 1367 2002 1452 qui
2039 1370 2278 1433 exeunt

233 1457 415 1523 dicit:
476 1456 668 1524 ‘male
715 1457 794 1523 de
854 1480 958 1524 me
1003 1457 1359 1542 imperator
1401 1457 1682 1542 meruit',
1726 1457 1838 1524 sed
1884 1457 2072 1523 ‘bene
2114 1455 2277 1522 iudi·
2316 1481 2367 1522 ιο

232 1546 442 1612 cavit?
531 1547 691 1612 item
749 1546 969 1612 dicant
1029 1547 1421 1630 quicumque
1477 1546 1785 1612 iubentur
1838 1547 1977 1630 pati
2030 1545 2276 1611 timidis

228 1635 610 1723 ignavisque
670 1635 940 1702 flebilia:
973 1635 1208 1722 o‘digni
1251 1636 1376 1700 visi
1436 1657 1659 1701 sumus
1719 1635 1839 1701 deo
1904 1635 1976 1700 in
2039 1635 2275 1719 quibus

160 1743 191 1792 9
230 1725 629 1809 experiretur
656 1729 970 1809 quantum
1005 1725 1293 1791 humana
1325 1729 1559 1790 natura
1593 1728 1815 1810 posset
1842 1724 2021 1809 pati?
2068 1724 2279 1812 fugite

230 1814 521 1901 delicias,
565 1815 775 1902 fugite
822 1805 1235 1882 enervantem
1279 1814 1687 1901 felicitatem,
1731 1835 1860 1900 qua
1901 1813 2099 1880 animi
2136 1836 2278 1900 per-

228 1905 608 1972 madescunt
635 1909 702 1971 et
727 1904 856 1971 nisi
882 1906 1127 1990 aliquid
1154 1904 1505 1971 intervenit
1532 1904 1706 1989 quod
1730 1904 2054 1971 humanae
2082 1904 2277 1971 sortis
2314 1928 2370 1969 ao

230 1995 604 2079 admoneat,
635 2001 892 2061 manent
915 1996 1097 2061 velut
1121 1998 1437 2080 perpetua
1463 1994 1774 2061 ebrietate
1801 1994 2016 2079 sopiti.
2082 2016 2277 2079 quem

229 2084 610 2169 specularia.
633 2105 888 2169 semper
923 2085 1005 2150 ab
1042 2084 1270 2150 afflatu
1298 2084 1815 2167 vindicaverunt,
1859 2084 2043 2150 cuius
2078 2083 2275 2169 pedes

226 2174 397 2240 inter
452 2174 742 2240 fomenta
801 2174 1074 2241 subinde
1129 2178 1380 2240 mutata
1432 2178 1810 2260 tepuerunt,
1863 2173 2046 2239 cuius
2093 2194 2277 2239 cena·

225 2263 436 2329 tiones
483 2263 781 2331 subditus
829 2267 895 2329 et
937 2264 1293 2349 parietibus
1340 2264 1767 2331 circumfusus
1812 2264 1990 2331 calor
2033 2267 2277 2349 tempe·

121 2369 189 2419 ιο
223 2353 423 2433 ravit,
467 2353 643 2420 hunc
685 2353 848 2420 levis
894 2376 1051 2419 aura
1093 2375 1229 2419 non
1265 2352 1403 2419 sine
1439 2355 1728 2438 periculo
1767 2353 2059 2441 stringet.
2126 2374 2277 2419 cum
2314 2374 2368 2415 τε

227 2442 446 2508 omnia
473 2464 638 2527 qnae
666 2447 1079 2510 excesserunt
1104 2442 1372 2509 modum
1398 2447 1704 2527 noceant,
1731 2443 2279 2528 periculosissima

404 2655 438 2709 1
488 2656 643 2711 haud
690 2656 805 2711 scio
854 2673 932 2710 an
979 2657 1328 2712 scribendum
1372 2657 1447 2712 sit
1491 2656 1748 2726 gravest,·
1795 2661 1927 2709 swnt
1971 2657 2117 2709 enim
2162 2654 2277 2711 duo

225 2728 518 2783 emmtiata
553 2728 632 2783 ad
656 2743 854 2797 parem
889 2728 1234 2799 syllabarum
1268 2745 1557 2784 ‘numemm
1589 2728 1964 2794 conformata.-
1997 2726 2183 2797 magis
2215 2768 2228 2781 .
2262 2770 2275 2781 .

217 2797 544 2866 inexpertos
583 2807 636 2855 et
670 2800 896 2869 gravest
933 2841 944 2853 .
981 2840 992 2853 .
1033 2799 1230 2869 iugum
1271 2801 1279 2872 Ι
1325 2802 1555 2855 tenerae
1594 2798 1798 2854 cervici
1826 2800 2019 2854 Muret
2052 2798 2277 2872 tellrere

224 2868 498 2935 ceruicib3
549 2870 605 2925 A
651 2872 818 2939 (ev-as·
859 2872 908 2939 i·)
945 2869 966 2942 Η
1007 2869 1044 2924 2
1080 2872 1206 2938 tyro
1235 2872 1293 2925 A
1328 2870 1349 2945 Η
1397 2870 1433 2926 8
1469 2873 1528 2925 et
1563 2870 1693 2925 add.
1728 2870 1931 2925 Gruter
1964 2869 1986 2954 υ
2020 2870 2092 2925 10
2124 2870 2278 2925 uali-

222 2940 464 3025 tudines!
484 2942 541 2996 A
569 2943 725 3011 (erae
755 2944 833 3011 m)
865 2938 908 3015 ἸΙ
951 2940 1026 2995 14
1060 2942 1158 3010 qui
1205 2943 1264 3011 (q
1302 2960 1438 2998 corr.
1469 2960 1538 2998 επ
1574 2945 1625 3012 e)
1665 2940 1747 2997 A¹
1788 2941 1809 3014 ΙΙ
1856 2941 1929 2996 15
1963 2944 2279 3013 imperator

222 3014 361 3083 voly.
412 3015 726 3082 mperatur
773 3016 839 3068 in
885 3031 997 3068 rae.
1038 3030 1141 3068 scr.
1183 3014 1290 3080 A⁶;
1339 3032 1408 3069 ex
1442 3013 1527 3069 A²
1569 3016 1846 3083 scriptura
1897 3014 2017 3083 imp
2054 3020 2278 3069 tantum

223 3086 520 3155 dispicitur
565 3084 586 3157 ΙΙ
633 3083 706 3139 16
751 3085 890 3140 item
940 3085 1104 3141 Gertz
1157 3084 1311 3140 idem
1348 3087 1405 3142 A
1454 3086 1474 3158 ΙΙ
1527 3085 1595 3141 19
1640 3088 2001 3141 enervantem
2038 3085 2279 3154 Lipsius

225 3159 554 3211 eneruatam
581 3157 638 3212 A
673 3156 694 3229 ΙΙ
728 3155 798 3210 21
836 3160 1070 3214 manent
1106 3174 1202 3228 eyo
1232 3158 1457 3224 addidi,
1485 3159 1684 3212 vivunt
1708 3158 2013 3224 &baltea-3,-
2039 3157 2146 3211 alii
2170 3163 2280 3211 aut

225 3229 286 3281 et
323 3236 453 3297 post
499 3226 937 3299 permadescunt
982 3230 1296 3286 deleverunt
1339 3236 1439 3283 aut
1478 3230 1702 3283 verbum
1746 3230 1893 3297 quod
1940 3228 2083 3295 deest
2130 3228 2278 3283 alibi

224 3300 639 3367 suppleverwnt:
697 3298 888 3354 iacent
930 3302 1106 3372 ,sopiti
1151 3301 1313 3357 Koch
1376 3299 1549 3370 sopiti
1607 3302 1837 3369 torpent
1894 3299 2057 3354 Gertz
2120 3299 2277 3368 sopi-

223 3371 427 3507 πνιιιγῡιῗῆἶ
440 3373 581 3452 coni.
621 3370 938 3427 Feldmann
985 3372 1006 3445 ΙΙ
1053 3372 1126 3427 26
1172 3370 1649 3443 periculosissima
1685 3372 1742 3427 A
1790 3369 2277 3440 perniciosissima

307 3456 339 3494 o
426 3458 491 3495 m
