2544 3746
232 0 270 51 ὅ
653 0 711 38 ΙΛ.
743 0 1030 38 ANRAEL
1069 0 1400 38 bnfflnukufi
1438 0 1630 38 DLAJJ.
1659 0 1797 39 lam.
1826 0 1869 37 1..

163 147 190 195 7
232 133 452 214 captas
515 130 724 210 multa
798 129 989 194 caede
1047 127 1489 194 venantium?
1527 127 1755 194 infelix
1818 133 1917 194 est
1982 127 2289 215 Rutilius,

230 220 404 304 quod
465 218 576 305 qui
633 219 822 284 illum
869 219 1337 284 damnaverunt
1392 238 1652 283 causam
1706 217 1922 284 dicent
1985 219 2285 285 omnibus

231 307 548 379 saeculis?
640 308 812 392 quod
873 309 1178 392 aequiore
1237 307 1453 373 animo
1500 328 1729 392 passus
1776 313 1875 373 est
1920 329 1989 374 se
2033 309 2283 393 patriae

231 399 391 484 eripi
453 419 648 481 quam
687 397 822 484 ‚sibi
869 396 1179 463 exilium?
1270 398 1445 482 quod
1493 395 1713 462 Sullae
1758 396 2060 463 dictatori
2100 399 2279 464 solus

231 487 474 572 aliquid
534 489 798 574 negavit
857 491 922 553 et
983 490 1325 553 revocatus
1384 490 1641 567 tantum
1687 509 1823 552 non
1864 491 2039 552 retro
2086 488 2291 555 cessit·
2353 511 2379 552 ⁵

230 581 296 642 et
356 576 616 663 longius
673 575 888 662 fugit?
977 575 1303 642 ‘viderint'
1362 575 1576 660 inquit
1632 575 1764 641 ‘isti
1824 597 1987 661 quos
2033 575 2289 642 Romae-

229 665 655 750 deprehendit
699 665 975 731 felicitas
1023 669 1151 730 tua.
1243 664 1506 730 videant
1548 666 1806 752 largum
1850 666 1921 730 in
1965 665 2109 732 foro
2138 687 2279 732 san-

229 755 491 840 guinem
560 759 626 820 et
691 777 889 839 supra
954 752 1384 820 Servilianum
1448 755 1662 821 lacum
1729 751 1825 841 (id
1860 753 2063 823 *enim
2133 777 2280 840 pro-

229 843 596 929 scriptionis
659 841 963 910 Sullanae
1015 844 1392 929 spoliarium
1457 841 1583 931 est)
1640 848 2013 920 senatorum
2068 844 2281 930 capita

229 938 295 999 et
339 933 582 1019 passim
628 933 926 1020 vagantis
969 955 1088 1018 per
1129 934 1359 998 urbem
1414 955 1869 1019 percussorum
1925 955 2153 1020 greges
2214 937 2283 1000 et
2321 957 2379 998 ιο

227 1023 436 1088 multa
481 1023 660 1088 milia
706 1023 944 1089 civium
993 1021 1439 1089 Romanorum
1497 1045 1629 1088 uno
1682 1025 1829 1090 loco
1867 1027 2020 1108 post
2064 1024 2280 1107 fidem,
2370 1033 2374 1036 ’

227 1112 428 1177 immo
475 1134 592 1197 per
637 1112 846 1197 ipsam
891 1112 1088 1177 fidem
1132 1111 1481 1178 trucidata:
1516 1112 1779 1178 videant
1814 1113 1941 1178 ista
1980 1113 2093 1196 qui
2129 1135 2280 1177 exu-

155 1215 190 1265 s
225 1202 360 1267 lare
423 1222 558 1266 non
618 1201 937 1287 possunt?
1048 1200 1205 1286 quid
1270 1201 1472 1288 ergo?
1580 1201 1741 1280 felix
1803 1206 1902 1267 est
1946 1199 2018 1268 L.
2076 1199 2281 1286 Sulla,

229 1290 402 1375 quod
465 1289 564 1354 ini
629 1290 1042 1356 descendenti
1105 1290 1186 1356 ad
1245 1290 1463 1356 forum
1527 1291 1745 1378 gladio
1814 1295 2280 1375 summovetur,

229 1380 402 1462 quod
463 1380 676 1464 capita
731 1379 856 1444 sibi
913 1379 1350 1446 consularium
1395 1380 1683 1447 virorum
1730 1381 1978 1465 patitur
2023 1380 2280 1446 ostendi
2318 1403 2375 1443 15

227 1472 292 1532 et
337 1469 618 1552 pretium
677 1469 886 1534 caedis
941 1491 1058 1554 per
1106 1473 1513 1552 quaestorem
1559 1491 1635 1535 ac
1680 1469 1935 1534 tabulas
1982 1469 2277 1554 publicas

226 1556 568 1622 numerat?
671 1562 737 1622 et
794 1558 956 1624 haec
1015 1557 1234 1623 omnia
1293 1558 1453 1623 facit
1510 1558 1649 1642 ille,
1712 1558 1823 1624 ille
1889 1559 2001 1642 qui
2062 1559 2277 1646 legem

157 1661 188 1710 9
229 1644 596 1712 Corneliam
641 1646 811 1711 tulit.
903 1647 1236 1714 veniamus
1285 1647 1367 1712 ad
1404 1645 1758 1734 Regulum:
1804 1647 1961 1732 quid
2004 1646 2105 1711 illi
2148 1647 2277 1712 for-

226 1739 386 1800 tuna
413 1735 666 1818 nocuit,
694 1736 868 1820 quod
896 1737 1083 1802 illum
1112 1737 1573 1803 documentum
1601 1736 1783 1820 fidei,
1814 1735 2277 1802 documentum

225 1825 574 1909 patientiae
643 1824 840 1899 fecit?
943 1826 1156 1913 figunt
1225 1829 1441 1893 cutem
1506 1826 1674 1893 clavi
1737 1831 1804 1892 et
1868 1846 2279 1911 quocumque
2314 1848 2375 1889 80

225 1914 571 2001 fatigatum
631 1936 864 2000 corpus
911 1916 1274 2000 reclinavit,
1332 1915 1587 1982 vulneri
1629 1916 1979 1999 incumbit,
2022 1916 2094 1980 in
2136 1938 2279 2000 per-

227 2008 487 2089 petuam
549 2004 838 2091 vigiliam
901 2026 1210 2090 suspensa
1270 2009 1423 2070 sunt
1480 2006 1755 2085 lumina:
1818 2008 2067 2091 quanto
2125 2006 2274 2090 plus

226 2094 536 2159 tormenti
590 2099 774 2160 tanto
830 2094 978 2179 plus
1026 2094 1148 2160 erit
1193 2094 1455 2181 gloriae.
1546 2094 1645 2159 vis
1692 2094 1857 2161 scire
1902 2116 2098 2179 quam
2141 2117 2279 2160 non

226 2184 554 2268 paeniteat
598 2184 724 2249 hoc
769 2184 979 2269 pretio
1027 2184 1401 2249 aestimasse
1432 2184 1787 2249 virtutem?
1848 2184 2042 2250 refice
2088 2182 2277 2249 illum

121 2286 187 2337 10
227 2276 294 2337 et
352 2273 538 2337 mitte
585 2273 654 2355 in
713 2277 1036 2339 senatumz
1099 2272 1366 2339 eandem
1424 2273 1811 2339 sententiam
1858 2272 2044 2338 dicet.
2136 2273 2276 2340 feli·
2314 2295 2370 2337 2⁵

248 2526 250 2528 >
405 2492 441 2547 2
479 2492 896 2547 damnauerunt
925 2494 961 2547 d
991 2510 1223 2549 causam
1259 2494 1319 2561 (d
1348 2495 1449 2549 del.
1482 2512 1548 2549 m.
1580 2495 1635 2563 1)
1662 2494 1721 2547 -A
1757 2492 1777 2565 ΙΙ
1812 2492 1849 2547 8
1880 2494 2031 2562 quod
2060 2495 2123 2563 (d
2148 2511 2192 2549 s.
2223 2512 2273 2548 υ.

225 2564 352 2618 add.
383 2582 454 2620 m.
483 2568 542 2628 2)
569 2566 626 2619 A
675 2566 694 2635 i}
743 2564 778 2619 4
816 2566 958 2637 sylle
985 2568 1042 2621 A
1091 2567 1112 2639 ΙΙ
1159 2566 1196 2620 5
1231 2567 1455 2619 tantum
1507 2581 1621 2620 non
1671 2566 1821 2619 retro
1874 2567 2045 2621 cessit
2090 2567 2150 2620 ct
2190 2566 2277 2619 A¹

204 2652 360 2691 ,σοφὴ
390 2638 454 2691 in
490 2652 602 2690 non
641 2638 864 2691 tantum
901 2640 1051 2703 retro
1091 2637 1263 2693 cessit
1298 2639 1385 2691 set
1412 2636 1496 2692 A⁸
1520 2638 1541 2710 Η
1575 2637 1612 2691 9
1628 2638 1964 2692 senatorum
1990 2639 2051 2693 et
2078 2637 2276 2707 capita

225 2715 307 2770 A¹
343 2716 437 2770 sed
483 2718 542 2771 et
577 2723 773 2785 postea
818 2716 919 2771 del.
971 2716 992 2790 Η
1041 2717 1110 2771 11
1151 2716 1363 2771 ciuium
1398 2711 1466 2771 E.
1496 2718 1560 2772 -A
1610 2717 1631 2788 Η
1680 2716 1751 2771 12
1786 2716 2077 2772 trucidata
2104 2718 2161 2773 A
2198 2717 2276 2787 (ci

225 2802 266 2840 3.
296 2804 344 2840 υ.
375 2786 503 2841 add.
534 2804 602 2841 m.
636 2792 688 2856 1)
727 2786 746 2858 {l
785 2786 854 2841 13
888 2804 1061 2857 supra
1100 2788 1240 2856 quid
1275 2790 1436 2844 solito
1466 2789 1787 2857 compendio
1812 2790 2078 2857 scriptum
2114 2789 2135 2841 i
2172 2788 2273 2843 ad-

217 2850 376 2926 picta
412 2864 490 2912 est
523 2860 586 2911 in
615 2860 670 2913 A
703 2864 710 2931 Ι
745 2858 891 2927 sylla
919 2860 974 2914 A
1011 2860 1032 2942 Ι]
1066 2859 1139 2913 15
1171 2860 1423 2914 ostendit
1456 2862 1519 2914 in
1556 2859 1642 2913 -di
1670 2876 1805 2915 corr.
1836 2860 1921 2915 A¹
1945 2858 1966 2931 Η
2003 2859 2071 2913 17
2098 2858 2297 2914 faciet

225 2946 364 2983 corr.
402 2930 466 2983 in
511 2928 654 2984 facit
682 2930 765 2984 A¹
815 2932 822 3002 Ι
877 2930 974 2984 ille
1011 2929 1110 2985 111e
1139 2931 1194 2985 A
1231 2930 1329 2985 ille
1367 2930 1525 2986 Sulla·
1562 2931 1833 2987 Schultess
1886 2930 1984 2983 ille
2021 2931 2143 2999 ipse
2190 2932 2275 2999 (in

225 3000 380 3055 codd.
418 3003 641 3069 saepius
676 3001 775 3055 isse
813 3005 1122 3067 exaratum)
1159 3019 1254 3073 eyo
1291 3005 1649 3077 conieceram,
1684 3020 1836 3057 nunc
1872 3002 2076 3057 codicis
2110 3002 2275 3057 verba

225 3077 439 3126 mutare
475 3073 696 3139 dub-ite,-
735 3074 859 3127 vide
897 3074 1151 3141 Wc'ilfflin
1185 3074 1318 3128 ‘Die
1360 3074 1715 3129 Geminatio‘n
1750 3076 1829 3127 im
1856 3073 2272 3129 Lateinisehen’

227 3142 518 3198 Sita-Ber.
546 3145 750 3215 Bayer.
782 3144 962 3199 Akad.
995 3148 1141 3200 1882
1167 3162 1228 3213 p.
1249 3149 1357 3200 433
1400 3145 1422 3217 ΙΙ
1474 3144 1545 3200 19
1580 3146 1746 3201 verba
1778 3144 1930 3199 fidei.
1970 3144 2275 3200 documen-

226 3214 348 3265 tum
385 3215 450 3268 in
484 3232 656 3285 mam.
687 3216 815 3270 add.
844 3214 928 3268 A²
972 3223 1024 3271 et
1062 3223 1194 3285 post
1243 3215 1640 3272 documentum
1691 3216 1984 3279 inserenda
2018 3232 2129 3271 esse
2159 3217 2270 3285 siq-

227 3284 486 3409 ῗξεξιέἓξι
520 3285 541 3357 ΙΙ
584 3284 1264 3425 23θ8κἷτίαῗον<ιοοτνᾶΐυίὼ
1284 3304 1353 3343 ex
1387 3287 1519 3357 -ria)
1548 3288 1604 3343 A
1638 3287 1661 3360 ΙΙ
1703 3284 1775 3341 24
1812 3287 1977 3343 refice
2005 3287 2060 3341 A
2098 3285 2271 3356 refige

381 3372 393 3384 ·
523 3373 614 3425 ap.
702 3374 836 3425 ενι,
988 3374 1088 3413 ,νε
1141 3376 1168 3413 e
1286 3383 1293 3389 ·
