2544 3746
281 54 414 121 260
672 50 733 107 L.
763 49 1048 105 ANNAEI
1083 48 1415 107 SENECAE
1452 50 1641 117 DIAL.
1671 50 1807 105 LIB.
1836 49 1927 105 IX.

280 195 454 285 fugit
496 217 616 261 nec
658 218 806 262 eum
843 196 1169 281 reducere,
1215 218 1366 263 cum
1402 199 1896 280 monstraretur,
1940 198 2107 262 tanti
2143 200 2332 281 puta-

281 287 395 352 vit.
502 285 717 370 ‘turpe
777 285 906 352 est'
974 286 1189 371 inquit
1241 284 1511 352 ‘Manen
1578 285 1714 351 sine
1778 283 2068 373 Diogene
2136 308 2334 371 posse

282 376 526 458 vivere,
579 373 917 461 Diogenen
963 375 1099 441 sine
1143 374 1335 441 Mane
1369 397 1505 441 non
1545 374 1780 461 posse?
1869 375 2124 440 videtur
2166 375 2337 439 mihi

285 464 550 531 dixisse:
635 463 788 551 ‘age
861 468 1067 543 tuum,
1119 464 1488 551 negotium,
1558 464 1847 548 fortuna,
1918 464 2086 529 nihil
2156 464 2335 549 apud

285 553 624 641 Diogenen
675 554 806 619 iam
859 554 958 619 tui
1012 558 1134 621 est:
1187 554 1361 641 fugit
1413 552 1577 619 mihi
1609 576 1872 639 servus,
1926 553 2123 619 immo
2167 554 2339 620 liber
2415 576 2443 616 s

287 644 457 710 abii?
545 642 793 709 familia
845 643 1011 729 petit
1058 644 1432 709 vestiarium
1475 644 1877 729 victmque,
1933 646 2035 709 tot
2077 646 2335 710 ventres

288 732 810 799 avidissimorum
864 733 1241 799 animalium
1296 734 1521 799 tuendi
1578 737 1754 815 sunt,
1814 733 2083 800 emenda
2133 734 2338 799 vestis

286 827 352 889 et
387 822 840 889 custodiendae
867 823 1321 907 rapacissimae
1348 845 1576 889 manus
1605 827 1672 889 et
1697 822 1991 888 flentium
2019 823 2340 888 detestan-

287 912 581 996 tiumque
628 911 998 979 ministeriis
1044 912 1388 978 utendum:
1444 915 1686 996 quanto
1731 913 1844 978 ille
1889 912 2166 996 felicior,
2222 912 2344 996 qui

287 1001 455 1067 nihil
511 1001 632 1066 ulli
691 1001 907 1085 debet,
969 1002 1099 1067 nisi
1151 1002 1264 1067 'cui
1320 1002 1629 1067 facillime
1690 1006 1911 1088 negat,
1973 1002 2124 1068 sibi!
2222 1002 2343 1067 sed
2387 1025 2451 1065 ιο

289 1091 598 1177 quoniam
662 1112 798 1156 non
865 1094 964 1157 est
1028 1090 1216 1157 nobis
1276 1095 1532 1156 tantum
1592 1091 1872 1176 roboris,
1933 1090 2343 1177 angustanda

290 1183 462 1247 certe
521 1183 676 1246 sunt
719 1180 1134 1266 patrimonia,
1199 1184 1274 1245 ut
1338 1181 1553 1264 minus
1599 1180 1681 1246 ad
1725 1178 1995 1247 iniurias
2040 1180 2343 1246 fortunae

291 1269 493 1336 simus
554 1268 850 1355 expositi.
951 1268 1275 1335 habiliora
1335 1273 1487 1337 sunt
1544 1292 1815 1355 corpora
1873 1270 1943 1336 in
1986 1270 2158 1336 bello
2206 1270 2344 1354 illa,

292 1381 455 1444 quae
500 1359 570 1424 in
615 1382 792 1425 arma
837 1380 955 1424 sua
998 1358 1295 1426 contrahi
1338 1365 1640 1445 possunt,
1687 1382 1882 1445 quam
1920 1381 2083 1445 quae
2120 1380 2344 1445 super-

289 1448 652 1514 funduntur
695 1453 761 1514 et
803 1448 1089 1534 undique
1133 1449 1514 1537 magnitudo
1552 1471 1670 1515 sua
1704 1449 2072 1516 volneribus
2111 1449 2345 1515 obicit:
2390 1472 2453 1511 1⁵

294 1538 579 1624 optimus
633 1537 943 1623 pecuniae
998 1538 1228 1604 modus
1275 1542 1401 1623 est,
1457 1539 1569 1624 qui
1612 1560 1732 1606 nec
1776 1539 1847 1604 in
1892 1542 2345 1623 paupertatem

290 1627 490 1710 cadit,
533 1648 656 1693 nec
699 1629 929 1712 procul
974 1650 1013 1692 a
1056 1632 1433 1713 paupertate
1478 1628 1764 1695 discedit.

471 1732 582 1799 IX.
655 1732 948 1800 Placebit
993 1738 1207 1800 autem
1251 1734 1413 1801 haec
1454 1734 1645 1801 nobis
1668 1754 1671 1757 ’
1692 1757 2017 1819 mensura,
2062 1735 2118 1799 si
2159 1734 2346 1820 prius

294 1821 687 1910 parsimonia
721 1824 1061 1910 placuerit,
1099 1824 1236 1890 sine
1279 1846 1407 1910 qua
1440 1846 1563 1891 nec
1597 1824 1767 1891 ullae
1806 1846 1960 1912 opes
1990 1824 2351 1908 sufficiunt,

292 1935 412 1980 nec
456 1914 628 1979 ullae
663 1914 712 1999 †
745 1935 881 1979 non
927 1915 1080 1982 satis
1127 1919 1381 2000 patent,
1424 1915 1799 1999 praesertim
1836 1937 1984 1982 cum
2021 1915 2091 1980 in
2124 1914 2347 1982 vicino
2392 1937 2455 1976 20

294 2002 647 2068 remedium
708 2003 794 2069 sit
851 2007 917 2069 et
975 2005 1183 2090 possit
1240 2004 1385 2089 ipsa
1442 2009 1785 2090 paupertas
1846 2005 1915 2069 in
1971 2004 2227 2069 divitias
2278 2026 2349 2070 se

295 2093 608 2158 advocata
659 2093 1034 2180 frugalitate
1092 2097 1477 2160 convertere.
1572 2094 2021 2160 adsuescamus
2068 2117 2109 2158 a
2150 2092 2349 2158 n'obis

295 2203 624 2247 removere
688 2204 1022 2268 pompam,
1098 2186 1162 2250 et
1230 2204 1385 2248 usus
1446 2205 1688 2269 rerum,
1753 2205 1888 2249 non
1948 2187 2350 2267 ornamenta,

297 2270 528 2339 metiri.
622 2269 802 2338 cibus
856 2271 1096 2338 famem
1153 2271 1399 2358 domet,
1454 2274 1636 2358 potio
1694 2273 1899 2357 sitim,
1952 2273 2157 2339 libido
2216 2294 2353 2357 qua

297 2381 555 2450 necesse
628 2365 728 2427 est
795 2361 987 2447 fluat3
1059 2361 1380 2428 discamus
1454 2363 1756 2428 membris
1828 2363 2069 2429 nostris
2134 2363 2354 2446 inniti,
2396 2384 2459 2424 25

297 2451 545 2516 cultum
597 2449 970 2535 victumque
1027 2473 1162 2517 non
1221 2451 1304 2516 ad
1366 2475 1537 2518 nova
1591 2453 1885 2538 exempla
1939 2473 2353 2538 componere,

477 2642 514 2697 2
549 2643 752 2712 inquid
795 2645 1031 2700 inathen
1076 2652 1130 2701 et
1173 2645 1371 2701 mathe
1407 2647 1465 2701 A
1510 2663 1646 2702 corr.
1684 2645 1821 2717 voly.
1871 2645 1893 2718 ΙΙ
1942 2646 1978 2700 5
2023 2645 2166 2700 mihi
2202 2646 2353 2716 voly.

297 2712 380 2769 mi
415 2715 500 2771 A¹
543 2733 718 2786 supra
760 2717 908 2786 quod
950 2717 1062 2772 scri
1138 2718 1173 2773 't
1210 2717 1320 2775 A⁸:
1361 2735 1410 2793 ,p
1450 2718 1599 2772 mihi
1640 2717 1647 2791 Ι
1688 2734 1904 2785 servus,
1941 2719 2139 2786 interp.
2180 2717 2357 2773 Gertz

299 2791 528 2842 servus?
575 2787 714 2858 voly.
767 2788 774 2861 Ι
829 2786 976 2844 liber
1021 2804 1056 2843 a
1095 2789 1140 2843 ii
1206 2791 1293 2846 vel
1336 2805 1441 2859 ego
1479 2789 1625 2845 liber
1661 2788 1801 2858 abii)
1846 2807 1895 2844 v.
1926 2788 1980 2845 d.
2008 2789 2160 2845 Vliet
2201 2785 2359 2844 liber

301 2857 426 2912 abit
451 2858 508 2914 A
547 2857 692 2929 (abit
725 2861 789 2914 in
825 2875 935 2916 ras.
965 2860 1069 2931 A⁶)
1113 2860 1134 2934 ΙΙ
1249 2861 1531 2916 uestiarin‘i
1558 2859 1644 2918 A⁶
1669 2860 1715 2989 ἓ,
1746 2860 1819 2916 10
1856 2861 1949 2916 cui
1978 2863 2173 2944 eret
2206 2859 2359 2929 quid.

301 2930 358 2986 A
401 2929 422 3002 11
472 2929 544 2984 12
588 2933 654 2984 ut
690 2931 776 2987 A⁶
811 2934 915 2986 aut
941 2931 1025 2988 A²
1067 2931 1089 3005 ΙΙ
1137 2931 1209 2986 13
1244 2932 1308 2987 in
1342 2931 1493 2987 bello
1530 2931 1634 2986 illa
1711 2934 1944 2988 chaltess
1987 2930 2252 2988 inbecillo
2296 2933 2359 2988 A

300 3001 363 3056 in
412 2999 563 3056 bello
606 3014 641 3056 ς’
687 3002 750 3056 in
798 3001 954 3058 bella
995 3004 1309 3060 Pincianus
1356 3003 1461 3058 illa
1505 3003 1655 3058 bello
1701 3005 1867 3060 Gertz
1909 3003 1931 3077 ΙΙ
1980 3003 2051 3058 15
2098 3002 2277 3058 obicit
2321 3016 2361 3057 ς

303 3071 514 3127 obiecit
549 3072 606 3128 A
649 3071 671 3146 ΙΙ
717 3071 792 3128 2⁰
825 3089 930 3129 nec
965 3073 1082 3128 ulle
1117 3090 1232 3129 non
1268 3076 1409 3147 satis
1445 3076 1648 3144 patent
1684 3078 1741 3132 A
1782 3081 2063 3144 corrupte,
2098 3076 2362 3145 quamvis

304 3143 511 3198 Madvi
557 3145 636 3199 'us
671 3144 946 3211 defendat.
1005 3161 1122 3200 non
1148 3148 1334 3217 mayt‘s
1360 3147 1537 3216 probo
1573 3147 1719 3216 quod
1755 3144 2013 3202 Haasius
2058 3148 2182 3217 (nec
2220 3161 2361 3200 cum

303 3212 408 3268 illa
564 3230 596 3269 e
632 3231 686 3268 n.
707 3231 750 3268 s.
769 3217 850 3285 p.)
887 3233 1114 3285 eumque
1147 3225 1365 3272 secutus
1393 3217 1558 3274 Gertz
1594 3219 1735 3274 coni.
1796 3218 1922 3288 (nec
1949 3233 2078 3272 cum
2104 3215 2207 3271 illa
2234 3233 2364 3272 non

187 3329 190 3333 .
305 3299 349 3337 s.
391 3285 469 3355 p.)
527 3301 632 3340 nec
689 3284 844 3341 ullae
903 3287 1103 3343 domus
1157 3289 1299 3344 satis
1352 3291 1557 3357 patent
1607 3289 1909 3358 Schultess,
1964 3289 2112 3359 quod
2161 3305 2363 3344 verum

304 3353 578 3438 habor-eyn,
629 3358 683 3412 si
728 3358 794 3412 in
843 3360 922 3414 eis
969 3375 1108 3429 quae
1167 3361 1497 3418 antecedunt
1553 3363 1819 3438 scriplum
1879 3367 2045 3420 essetf
2094 3360 2143 3416 si
2191 3359 2363 3430 prius

308 3423 610 3494 frugahtas
647 3429 753 3497 (vel
786 3430 1088 3502 modestia)
1125 3431 1408 3502 placuerit
