2544 3746
255 71 390 137 306
661 68 720 122 L.
753 66 1038 121 ANNAEI
1073 65 1404 121 SENECAE
1444 66 1633 121 DIAL.
1664 66 1799 123 LIB.
1828 66 1894 121 X.

257 214 708 280 sollicitudinis
773 235 1029 297 causae3
1092 234 1209 297 per
1274 212 1727 296 occupationes
1786 212 1921 276 vita
1982 212 2305 278 trudetur:

258 305 465 370 otium
509 324 865 387 numquam
911 305 1164 389 agetur,
1212 323 1464 385 semper
1511 301 1854 385 optabitur.

437 408 674 475 XVHI.
720 408 1014 493 Excerpe
1050 409 1267 493 itaque
1300 412 1365 473 te
1393 409 1614 494 volgO,
1654 405 1921 473 Pauline
1959 408 2307 493 carissime,

259 504 323 566 et
386 501 457 564 in
518 498 1032 583 tranquilliorem
1096 502 1360 583 portum
1424 519 1557 562 non
1620 519 1739 581 pro
1805 498 2031 563 aetatis
2092 500 2306 583 spatio

259 590 532 655 iactatus
586 589 845 653 tandem
901 586 1138 652 recede.
1232 586 1476 673 cogita,
1524 590 1682 672 quot
1731 586 1966 652 fluctus
2015 586 2310 671 subieris,
2372 612 2397 651 5

260 682 422 762 quot
478 681 894 780 tempestates
954 676 1190 761 partim
1249 677 1533 760 privatas
1596 676 2005 761 sustinueris,
2067 678 2307 762 partim

258 768 550 853 publicas
611 768 682 831 in
739 770 806 831 te
865 766 1283 849 converteris3
1340 767 1494 830 satis
1541 766 1668 830 iam
1714 786 1832 850 per
1872 766 2200 833 laboriosa
2244 770 2311 831 et

258 857 548 960 inquieta
593 856 978 922 documenta
1023 854 1311 920 exhibita
1354 855 1560 919 virtus
1608 857 1730 920 est.
1786 856 2103 940 experire,
2151 856 2311 958 quid

259 947 328 1010 in
392 946 525 1010 otio
589 945 800 1011 faciat.
906 945 1113 1009 maior
1169 966 1317 1027 pars
1378 945 1633 1028 aetatis,
1678 947 1875 1021 ⁴certe
1930 944 2161 1009 melior
2215 946 2312 1010 rei

261 1035 558 1119 publicae
600 1035 749 1099 data
795 1033 906 1100 sit·
953 1033 1198 1117 aliquid
1234 1034 1545 1117 temporis
1581 1032 1683 1097 tui
1718 1054 1898 1099 sume
1936 1034 2132 1098 etiam
2169 1035 2312 1099 tibi.
2352 1059 2405 1098 10

258 1146 379 1189 nec
437 1128 500 1188 te
555 1124 636 1188 ad
693 1146 954 1225 segnem
1010 1126 1123 1187 aut
1170 1123 1441 1187 inertem
1490 1123 1772 1206 quietem
1817 1143 2011 1205 voc0‚
2054 1143 2191 1187 non
2234 1128 2315 1189 ut

262 1235 490 1279 somno
537 1217 602 1278 et
647 1214 811 1278 caris
857 1212 1083 1277 turbae
1129 1211 1573 1295 voluptatibus
1623 1210 1936 1297 quidquid
1987 1216 2085 1277 est
2130 1212 2199 1275 in
2243 1214 2314 1277 te

260 1301 497 1367 indolis
544 1301 796 1366 vividae
841 1322 1121 1387 mergas.
1181 1321 1316 1365 non
1362 1303 1459 1365 est
1504 1300 1678 1365 istud
1724 1300 2161 1385 adquiescere3
2215 1300 2314 1365 in-

259 1391 475 1457 venies
535 1391 782 1455 maiora
843 1390 1142 1455 omnibus
1200 1390 1410 1456 adhuc
1464 1392 1719 1455 strenue
1765 1390 2055 1456 tractatis
2104 1390 2314 1473 operi-

259 1481 411 1564 bus,
457 1502 620 1564 quae
665 1480 984 1564 repositus
1029 1482 1093 1543 et
1129 1500 1391 1545 securus
1430 1479 1649 1565 agites
1722 1483 1799 1543 tu
1837 1478 2097 1565 quidem
2135 1480 2313 1545 orbis
2352 1504 2407 1545 15

259 1574 574 1636 terrarum
638 1570 919 1635 rationes
985 1568 1393 1634 administras
1457 1573 1593 1634 tam
1658 1568 2053 1634 abstinenter
2114 1591 2315 1653 quam

261 1660 529 1743 alienas,
575 1662 712 1723 tam
758 1660 1102 1744 dih‘genter
1148 1680 1343 1743 quam
1389 1662 1560 1742 tuas,
1602 1662 1736 1722 tam
1774 1657 2077 1744 religiose
2115 1679 2317 1742 quam

259 1747 570 1834 publicas
644 1746 715 1811 ιιι
751 1747 969 1813 officio
1007 1769 1293 1812 amorem
1331 1748 1766 1831 consequeris,
1810 1748 1881 1811 in
1919 1768 2047 1832 quo
2088 1747 2316 1813 odium

259 1838 465 1903 vitare
521 1836 784 1904 difficile
844 1840 967 1902 est·
1028 1836 1138 1902 sed
1193 1841 1438 1920 tamen,
1498 1836 1660 1901 mihi
1706 1837 1919 1921 crede,
1964 1836 2165 1902 satius
2214 1841 2319 1902 est

262 1929 432 1992 vitae
470 1950 622 1994 suae
659 1929 974 1991 rationem
1010 1947 1204 2010 quam
1241 1926 1550 1990 frumenti
1576 1926 1822 2010 publici
1846 1947 2052 1992 nosse.
2109 1926 2317 1992 istum
2354 1951 2410 1990 ιο

262 2017 462 2084 animi
497 2017 788 2101 vigorem
824 2037 1038 2080 rerum
1073 2015 1502 2080 maximarum
1539 2016 2029 2099 capacissimum
2058 2038 2097 2080 a
2123 2016 2318 2081 mini-

264 2105 458 2170 sterio
518 2105 877 2184 honorifico
935 2105 1197 2189 quidem
1243 2104 1356 2170 sed
1402 2101 1649 2189 parum⁸
1679 2105 1760 2170 ad
1805 2105 2061 2171 beatam
2108 2105 2318 2171 vitam

263 2197 416 2278 apto
462 2214 695 2258 revoca
740 2196 804 2257 et
849 2194 1067 2278 cogita
1109 2215 1245 2259 non
1289 2193 1356 2257 id
1394 2192 1599 2278 egisse
1634 2197 1704 2259 te.
1737 2194 1818 2258 ab
1857 2197 2065 2259 aetate
2102 2195 2321 2278 prima

264 2283 443 2347 omni
501 2283 682 2348 cultu
741 2281 1102 2348 studiorum
1155 2282 1546 2366 liberalium,
1594 2286 1670 2347 ut
1712 2283 1835 2349 tibi
1878 2283 2086 2348 multa
2129 2282 2321 2348 milia

263 2373 572 2437 frumenti
606 2373 769 2436 bene
807 2371 1385 2436 committerentur:
1422 2371 1630 2436 maius
1670 2371 1976 2454 quiddam
2014 2375 2080 2437 et
2116 2372 2320 2438 altius
2358 2394 2415 2435 π
2516 2409 2518 2452 ;

263 2460 342 2525 de
399 2464 464 2525 te
523 2461 928 2545 promiseras.
1017 2481 1150 2524 non
1205 2459 1439 2525 derunt
1492 2465 1557 2525 et
1610 2460 2003 2547 frugalitatis
2050 2465 2319 2527 exactae
2517 2453 2518 2466 ¹

259 2549 557 2614 homines
603 2552 668 2614 et
711 2548 1075 2613 laboriosae·
1116 2570 1373 2634 operae:
1431 2552 1614 2616 tanto
1670 2550 1924 2635 aptiora
1976 2551 2320 2635 portandis

266 2636 564 2706 oneribus
601 2637 786 2702 tarda
819 2637 1107 2702 iumenta
1142 2641 1297 2702 sunt
1334 2659 1529 2721 quam
1555 2637 1806 2706 nobiles
1836 2639 2002 2725 equi,
2032 2662 2318 2724 quorum

264 2748 639 2812 generosam
703 2726 1149 2811 pernicitatem
1217 2726 1360 2810 quis
1425 2749 1735 2812 umquam
1809 2729 1992 2814 gravi
2036 2730 2321 2815 [sarcina

443 2939 475 2993 1
525 2938 646 3021 uite
696 2941 931 2994 rudetur
965 2940 1021 2994 A
1070 2955 1208 2996 corr.
1249 2942 1444 2996 Haase
1486 2940 1507 3012 Η
1560 2941 1589 2995 7
1638 2940 1777 2994 satis
1814 2939 1900 2994 A⁸
1939 2943 2135 2996 statim
2173 2940 2263 2997 A¹
2298 2942 2323 3014 11

265 3009 301 3065 8
327 3016 458 3079 post
491 3010 669 3064 virtus
700 3013 1021 3080 Wesenberg]
1055 3012 1158 3064 tua
1197 3012 1473 3066 desiderat
1517 3010 1538 3082 ΙΙ
1582 3011 1619 3065 9
1654 3012 1830 3066 inotio
1858 3012 1943 3066 Α8
1963 3013 1999 3096 Η
2042 3012 2114 3067 10
2150 3013 2227 3066 sit
2255 3015 2322 3068 A

263 3082 354 3134 est
395 3081 632 3150 Madvig
679 3081 700 3154 ΙΙ
753 3081 825 3136 16
870 3081 1233 3136 administras
1280 3085 1400 3137 tam
1442 3083 1527 3137 A³
1577 3082 1915 3137 administra
1959 3084 2130 3138 istam
2173 3083 2262 3138 A¹
2300 3084 2325 3157 ΙΙ

266 3149 337 3204 18
382 3097 640 3220 publicas
682 3154 738 3208 A
790 3152 934 3221 quod
982 3159 1167 3208 tuetur
1205 3154 1443 3224 Madvig]
1490 3171 1679 3208 sacras
1718 3156 1954 3225 Bentley
1996 3154 2323 3225 pupillares

265 3222 387 3276 Joh.
382 3168 638 3277 ΡΜιῑΖῑεν
690 3224 696 3295 Ι
753 3223 853 3278 illo
893 3223 1022 3278 add.
1064 3224 1230 3280 Gertz
1278 3242 1343 3280 eo
1381 3226 1576 3281 Haase
1612 3233 1741 3281 ante
1778 3224 1964 3280 officio
2008 3224 2031 3299 ΙΙ
2077 3225 2150 3282 22
2186 3229 2323 3282 uita

269 3294 404 3359 apto
432 3307 494 3345 re
521 3292 605 3348 A³
630 3295 694 3347 in
720 3311 832 3348 ras.
861 3293 945 3347 A¹
970 3297 1248 3362 scriptura
1277 3313 1513 3366 prorsus
1539 3299 1753 3352 incerta
1780 3297 1891 3370 est!
1883 3296 2003 3423 Ιὲἓθ
2027 3299 2321 3383 &miseras

267 3363 325 3414 A
478 3380 546 3417 m.
590 3367 624 3417 3
670 3367 734 3418 in
776 3381 888 3418 ras,
929 3367 1118 3420 statim
1159 3374 1291 3436 post
1341 3370 1398 3422 te
1448 3370 1767 3440 incipiente)
1812 3368 1834 3442 ΙΙ
1932 3370 1961 3424 7
2011 3370 2321 3442 portandis

271 3431 346 3483 M
417 3433 508 3500 viy
545 3435 908 3501 exportandis
938 3437 992 3489 A
