2544 3746
297 72 429 141 234
665 69 726 124 L.
756 68 1038 125 ANNAEI
1076 66 1405 123 SENECAE
1442 66 1633 121 DIAL.
1661 66 1795 127 LIB.
1825 66 1972 123 VIII.

296 217 375 284 ad
440 216 600 282 alios
666 219 846 281 actus
887 214 943 297 -†
997 213 1245 279 animos
1304 213 1539 279 referre
1596 211 1922 299 virginum
1971 211 2341 283 Vestalium

295 328 502 390 more,
565 326 728 391 quae
787 304 971 371 annis
1026 304 1198 369 inter
1254 302 1471 369 officia
1528 301 1750 368 divisis
1810 302 2071 369 discunt
2126 306 2342 372 facere

297 417 476 462 sacra
521 398 586 460 et
631 416 778 461 cum
824 393 1185 460 didicerunt
1229 393 1479 459 docent.

472 500 584 568 III.
658 500 824 588 [30]
886 499 1033 566 Hoc
1079 498 1314 566 Stoicis
1370 521 1627 585 quoque
1680 500 1935 584 placere
1982 501 2343 587 ostendam,

295 614 428 657 non
501 591 654 675 quia
725 590 886 656 mihi
956 591 1166 676 legem
1236 589 1506 654 dixerim
1571 590 1738 654 nihil
1800 594 2025 655 contra
2090 591 2340 656 dictum

294 680 580 746 Zenonis
648 678 1071 765 Chrysippive
1137 678 1563 761 committere,
1637 678 1748 743 ned
1814 679 1966 762 quia
2027 702 2130 745 res
2198 682 2341 764 ipsa

294 771 541 855 patitur
586 790 689 834 me
734 769 826 835 ire
870 769 941 834 in
985 768 1244 833 illorum
1292 768 1703 851 sententiam,
1748 769 2053 851 quoniam
2072 820 2079 827 .
2097 770 2154 835 si
2193 771 2338 855 quis

295 882 548 945 semper
604 858 795 923 unius
857 858 1174 943 sequitur,
1228 879 1365 922 non
1420 858 1490 922 in
1548 857 1727 922 curia
1780 858 1893 922 sed
1940 858 2009 922 in
2053 860 2339 925 factione

295 953 408 1015 est.
481 947 730 1013 utinam
778 947 1038 1033 quidem
1073 948 1204 1011 iam
1240 950 1613 1012 tenerentur
1647 947 1867 1012 omnia
1902 951 1969 1012 et
2004 948 2074 1012 in
2111 955 2337 1034 aperto

295 1038 589 1104 confessa
633 1036 870 1103 veritas
916 1040 1086 1102 esset
1127 1035 1421 1119 nihilque
1467 1058 1547 1101 ex
1591 1035 1865 1102 decretis
1910 1041 2338 1104 mutaremus!

293 1148 467 1193 nunc
525 1128 862 1193 veritatem
921 1147 1069 1193 cum
1129 1125 1221 1190 eis
1280 1125 1439 1210 ipsis
1496 1125 1607 1209 qui
1662 1126 1895 1191 docent
1950 1128 2338 1209 quaerimus.

294 1218 456 1283 duae
502 1216 780 1282 maxime
827 1220 892 1281 et
935 1216 1006 1281 in
1050 1215 1171 1280 hac
1216 1238 1287 1280 re
1334 1215 1647 1281 dissident
1692 1221 1931 1301 sectae,
1983 1216 2339 1301 Epicureo-

292 1329 440 1372 rum
466 1311 530 1371 et
550 1304 936 1389 Stoicorum,
962 1304 1074 1370 sed
1101 1309 1373 1388 utraque
1394 1304 1474 1369 ad
1494 1305 1700 1370 otium
1720 1304 1972 1370 diversa
1988 1306 2095 1370 via
2114 1307 2337 1372 mittit.

292 1395 612 1479 Epicurus
668 1394 785 1459 ait:
841 1394 1006 1459 ‘non
1060 1394 1319 1459 accedet
1374 1393 1454 1458 ad
1498 1414 1634 1458 rem
1685 1394 2011 1477 publicam
2058 1395 2339 1479 sapiens,

291 1484 419 1549 nisi
465 1484 521 1548 si
568 1483 722 1567 quid
768 1481 1236 1566 intervenerit'3
1294 1481 1518 1548 Zenon
1562 1484 1679 1547 ait:
1735 1482 2024 1549 ‘accedet
2070 1483 2150 1548 ad
2196 1506 2335 1549 rem

291 1572 646 1658 publicam,
717 1572 843 1637 nisi
906 1572 962 1638 si
1021 1572 1174 1656 quid
1237 1570 1638 1656 impedierit'.
1748 1573 1913 1636 alter
1975 1572 2182 1638 otium
2256 1596 2337 1638 ex

293 1662 627 1747 proposito
688 1660 880 1746 petit,
939 1662 1100 1726 alter
1144 1682 1223 1725 ex
1267 1681 1487 1746 causa3
1548 1682 1739 1726 causa
1784 1664 1998 1726 autem
2044 1662 2160 1728 illa
2204 1664 2336 1729 late

293 1755 487 1835 patet.
581 1750 637 1816 si
679 1772 781 1815 res
829 1750 1090 1834 publica
1135 1750 1499 1834 corruptior
1543 1755 1642 1815 est
1686 1772 1881 1833 quam
1926 1756 1995 1815 ut
2041 1751 2337 1818 adiuvari

291 1841 527 1927 possit,
587 1840 641 1906 si
697 1842 1010 1926 occupata
1063 1842 1160 1905 est
1213 1840 1431 1924 malis,
1488 1862 1623 1905 non
1674 1840 1917 1906 nitetur
1962 1841 2217 1925 sapiens
2265 1842 2337 1908 in

291 1951 759 2015 supervacuum
828 1951 949 1995 nec
1020 1951 1086 1994 se
1158 1929 1326 1993 nihil
1398 1930 1775 2014 profuturus
1847 1929 2203 2017 impendet3
2278 1934 2337 1997 si

293 2041 522 2105 parum
574 2018 841 2084 habebit
899 2017 1301 2083 auctoritatis
1356 2022 1469 2084 aut
1523 2019 1757 2084 virium
1810 2040 1931 2084 nee
1974 2020 2160 2085 illum
2210 2022 2338 2086 erit

292 2108 648 2174 admissura
684 2130 784 2174 res
821 2107 1109 2193 publica,
1144 2107 1199 2174 si
1235 2107 1537 2173 valetudo
1576 2108 1762 2173 illum
1799 2109 2137 2194 impediet,
2175 2133 2334 2196 quo-

293 2198 484 2263 modo
522 2220 751 2263 navem
791 2219 1090 2282 quassam
1123 2219 1257 2262 non
1295 2197 1636 2264 deduceret
1667 2196 1736 2262 in
1762 2219 1965 2282 mare,
2001 2200 2332 2283 quomodo

289 2309 528 2353 nomen
573 2288 642 2352 in
681 2286 981 2352 militiam
1017 2308 1152 2352 non
1187 2287 1369 2352 daret
1405 2287 1663 2370 debilis,
1708 2287 1803 2352 sic
1839 2287 1920 2351 ad
1957 2288 2109 2374 iter,
2155 2290 2332 2374 quod

469 2462 541 2518 14
577 2463 740 2531 Epic.
769 2464 968 2534 fragm.
1001 2462 1074 2517 9*
1115 2463 1202 2518 Us.
1238 2460 1260 2534 Η
1297 2461 1368 2516 15
1404 2464 1607 2518 Zenon.
1635 2462 1711 2529 fr.
1740 2467 1845 2519 170
1870 2465 2059 2518 Pears.

468 2588 499 2642 1
541 2587 758 2642 adalios
805 2590 964 2642 actus
1013 2588 1228 2642 animos
1270 2586 1477 2642 referre
1514 2589 1569 2643 A
1617 2587 1691 2641 ad
1730 2589 1891 2642 actus
1930 2588 2168 2642 aliorum
2207 2588 2331 2643 ani-

287 2676 408 2713 mos
455 2659 661 2714 referre
699 2660 944 2730 Psenniy
994 2660 1068 2713 ad
1115 2658 1256 2713 alios
1305 2661 1465 2714 actus
1503 2675 1673 2714 canos
1709 2660 1916 2715 referre
1960 2661 2082 2716 Joh.
2116 2661 2333 2716 Manen·

291 2731 366 2784 ad
403 2731 546 2785 alios
585 2731 741 2786 actui
777 2731 1079 2785 armandos
1116 2747 1176 2785 se
1209 2731 1312 2785 ref.
1341 2731 1614 2787 Schultess
1660 2730 1668 2802 Ι
1700 2731 1736 2786 2
1773 2731 1969 2786 divisis
2004 2733 2140 2802 voly.
2180 2731 2331 2786 diui-

288 2803 364 2855 tis
392 2803 448 2857 A
483 2802 504 2873 ΙΙ
551 2803 580 2856 7
619 2803 887 2871 quoniam
919 2803 1082 2858 Gertz
1117 2806 1232 2870 qua
1259 2802 1316 2857 A
1351 2819 1483 2856 nam
1514 2805 1590 2858 M
1660 2804 1753 2873 vi9
1794 2802 1817 2876 ΙΙ
1858 2802 1895 2858 8
1934 2803 1996 2857 in
2032 2802 2190 2856 curia
2226 2803 2332 2857 sed

288 2873 350 2926 in
387 2872 636 2928 factione
673 2876 759 2928 est
788 2875 1027 2944 Madvig}
1062 2873 1270 2928 iniuria
1308 2873 1408 2928 sed
1444 2873 1768 2928 infectionis
1797 2875 1853 2929 A
1888 2891 2003 2928 non
2038 2873 2099 2927 id
2136 2874 2331 2930 curiae

289 2943 389 3027 sed
425 2945 542 2997 iam
579 2945 844 3016 factionis
882 2947 968 3000 est
985 2945 1234 3028 ‘Lipsius
1277 2943 1299 3017 ΙΙ
1340 2944 1377 2998 9
1416 2945 1477 2997 in
1514 2946 1709 3014 aperto
1748 2945 2005 3029 confessa
2042 2945 2333 3001 Klammer

289 3017 550 3140 {222¹}ssssss
574 3017 852 3155 ιὲἓόἳῆῗῖῖιῗ
879 3016 2331 3159 ἔξωῙὲᾓῗῗῑὶηῗὲἑὲῗιῆῖᾗῧυἭῖἵηέἓαέῗὲἶῗηζῗ

291 3157 445 3212 Dies.
475 3158 661 3213 Bonn.
691 3163 834 3214 1878
861 3176 921 3228 p.
953 3164 987 3213 4
1023 3158 1044 3231 ΙΙ
1080 3158 1150 3213 18
1179 3175 1350 3228 quam
1386 3161 1453 3214 ut
1486 3160 1623 3231 voly.
1662 3164 1775 3228 qua
1802 3161 1858 3214 A
1894 3159 1915 3232 ΙΙ
1951 3159 2021 3214 19
2049 3161 2331 3229 occupata

291 3230 378 3281 est
407 3227 574 3282 malis
608 3228 744 3298 voly.
785 3229 1162 3301 osculatalest
1196 3230 1364 3290 malis
1392 3231 1448 3286 A
1486 3247 1521 3285 a
1557 3230 1724 3285 malis
1830 3238 1913 3285 tat
1943 3232 2203 3301 Madviy,
2231 3233 2333 3286 sed

291 3299 477 3352 dativo
493 3300 574 3353 sic
590 3315 750 3367 saepe
765 3302 944 3356 utitur
957 3301 1280 3367 Senecacfr.
1295 3303 1453 3369 infra
1471 3319 1533 3371 p.
1551 3306 1679 3369 235,
1691 3305 1729 3356 5
1747 3319 1780 3357 o
1822 3302 2034 3356 callata
2054 3304 2141 3356 est
2156 3301 2331 3358 malis

296 3367 458 3423 Gertz
493 3370 612 3425 coll.
643 3387 730 3438 qu.
760 3377 875 3426 nat.
905 3373 943 3426 1
953 3372 1007 3427 V
1033 3377 1121 3438 13,
1142 3377 1222 3428 ·10
1261 3372 1284 3444 ΙΙ
1331 3372 1404 3428 24
1441 3373 1591 3441 quod
1624 3372 1882 3428 'inhabile
1918 3374 2059 3428 sciet
2089 3372 2145 3427 A
2185 3374 2327 3440 (scil.

287 3453 391 3504 pro
426 3441 546 3494 suis
579 3441 806 3512 viribus)
844 3443 989 3510 quod
1025 3448 1174 3499 teneo
1210 3461 1334 3499 cum
1361 3445 1567 3515 Mayor
1603 3445 1821 3513 (Journ.
1850 3445 1919 3512 of
1935 3445 2074 3514 phil.
2108 3445 2227 3500 VII
2254 3451 2330 3501 51

2404 615 2427 653 5

2376 1062 2424 1099 10

2372 1505 2419 1544 15
