2544 3746
253 105 383 172 298
663 101 725 156 L.
755 100 1041 155 ANNAEI
1078 97 1409 155 SENECAE
1445 98 1637 154 DIAL.
1667 98 1802 154 LIB.
1829 97 1897 152 X.

253 246 500 333 primus
559 243 832 330 quisque
887 267 967 312 ex
1012 243 1325 311 Romanis
1381 244 1653 309 ducibus
1708 244 1991 309 fecisset.
2046 243 2299 327 primus

253 336 469 401 navali
522 335 771 420 proelio
827 333 1086 399 Duilius
1141 334 1328 417 vicit,
1386 334 1633 417 primus
1692 331 1919 398 Curius
1975 331 2299 398 Dentatus

254 426 325 490 in
369 424 702 508 triumpho
742 423 928 488 duxit
963 423 1359 532 elephantos.
1453 423 1824 488 etiamnunc
1860 423 2009 506 ista,
2057 422 2179 487 etsi
2217 422 2301 487 ad

254 535 474 580 veram
520 512 796 599 gloriam
839 534 974 578 non
1016 512 1317 596 tendunt,
1344 512 1535 577 circa
1571 511 1861 577 civilium
1898 515 2114 575 tamen
2152 532 2305 596 ope·

253 625 402 669 rum
459 602 756 687 exempla
813 606 1176 667 versantur:
1233 622 1370 666 non
1428 604 1526 665 est
1582 600 1923 685 profutura
1976 600 2125 664 talis
2182 601 2305 665 sci·
2370 619 2394 661 1

257 692 457 775 entia,
504 695 604 757 est
645 695 863 756 tamen
911 712 1092 775 quae.
1117 711 1238 755 nos
1285 690 1578 775 speciosa
1620 711 1837 755 rerum
1873 690 2157 753 vanitate
2195 688 2305 754 de-

187 800 219 847 4
255 782 477 846 tineat.
577 781 702 846 hoc
776 800 1035 863 quoque
1107 780 1565 863 quaerentibus
1639 778 2071 861 remittamus,
2152 779 2302 862 quis

258 868 567 935 Romanis
650 867 897 955 primus
978 868 1371 954 persuaserit
1438 889 1669 932 navem
1743 867 2169 933 conscendere
2214 902 2309 913 --

259 957 563 1024 Claudius
600 958 656 1023 is
694 958 846 1042 fuit,
894 955 1154 1023 Caudex
1190 956 1276 1023 ob
1311 956 1440 1022 hoc
1473 956 1689 1042 ipsum
1724 957 2114 1041 appellatus,
2151 954 2308 1039 quia

256 1048 542 1133 plurium
613 1048 982 1113 tabularum
1054 1049 1396 1111 contextus
1470 1046 1715 1111 caudex
1778 1049 1939 1129 aput
2000 1045 2305 1128 antiquos
2348 1067 2400 1106 ιο

258 1140 551 1219 vocatur,
621 1136 791 1201 unde
864 1135 1162 1220 publicae
1233 1135 1492 1200 tabulae
1555 1136 1808 1201 codices
1873 1134 2177 1200 dicuntur
2242 1137 2310 1198 et

257 1246 452 1291 naves
523 1234 727 1291 nunc'
773 1246 1030 1310 quoque
1097 1247 1177 1289 ex
1242 1225 1509 1309 antiqua
1573 1223 2066 1307 consuetudine,
2139 1243 2308 1307 quae

259 1318 652 1381 commeatus
699 1336 829 1397 ‘per
873 1314 1159 1379 Tiberim
1219 1313 1614 1396 subvehunt,
1671 1312 2027 1378 codicariae
2073 1334 2309 1378 vocan-

190 1421 221 1469 5
257 1408 366 1468 tur
411 1426 526 1487 ——3
581 1424 733 1468 sane
792 1408 858 1467 et
900 1403 1027 1469 hoc
1071 1403 1154 1467 ad
1198 1424 1337 1467 rem
1382 1403 1727 1486 pertineat,
1784 1401 1958 1486 quod
2004 1399 2307 1466 Valerius

262 1491 576 1557 Corvinus
622 1492 868 1575 primus
913 1490 1277 1557 Messanam
1321 1492 1481 1555 vicit
1524 1494 1592 1556 et
1635 1492 1883 1574 primus
1932 1512 2013 1555 ex
2056 1490 2309 1555 familia
2348 1509 2397 1549 ιε

260 1580 668 1646 Valeriorum
705 1580 882 1645 urbis
921 1584 1146 1664 captae
1183 1580 1252 1644 in
1281 1601 1348 1645 se
1375 1582 1688 1647 translato
1717 1580 1978 1644 nomine
2005 1578 2311 1643 Messana

193 1776 224 1824 ⁶
261 1671 818 1824 ἷῖηἰῇῗᾍῗέξ,
840 1669 1035 1822 1⁰53?
1035 1672 1305 1823 ‘2¹3¹‘th
1336 1668 2305 1841 Ettffissfflfflffii

263 1848 437 1934 quod
497 1848 744 1933 primus
804 1846 876 1914 L.
915 1844 1098 1920 Sulla
1156 1847 1226 1912 in
1287 1848 1457 1913 circo
1518 1847 1738 1912 leones
1799 1846 2047 1912 solutos
2108 1845 2305 1928 dedit,

261 1961 410 2003 cum
475 1938 765 2021 alioquin
829 1939 1080 2023 alligati
1145 1937 1475 2019 darentur,
1550 1936 1628 2000 ad
1696 1934 2130 2002 conficiendos
2194 1957 2305 2000 eos
2348 1955 2397 1994 ²⁰

261 2028 475 2093 missis
513 2049 552 2090 a
585 2047 736 2112 rege
765 2025 1025 2091 Boccho
1064 2025 1568 2091 iaculatoribus?
1642 2030 1709 2090 et
1742 2026 1867 2090 hoc
1904 2046 2056 2090 sane
2092 2026 2312 2090 remit-

262 2119 463 2180 tatur:
523 2138 679 2181 num
741 2119 805 2180 et
864 2114 1244 2199 Pompeium
1307 2115 1587 2199 primum
1648 2115 1718 2179 in
1776 2114 1946 2180 circo
2007 2114 2309 2198 elephan-

261 2209 478 2270 torum
540 2204 986 2291 duodeviginti
1042 2227 1330 2290 pugnam
1388 2204 1662 2270 edidisse
1716 2203 2077 2269 commissis
2126 2225 2309 2268 more

262 2295 468 2381 proeli
527 2294 783 2360 innoxis
843 2293 1214 2360 hominibus
1276 2294 1356 2358 ad
1415 2295 1617 2359 ullam
1674 2315 1811 2358 rem
1870 2294 2107 2359 bonam
2169 2314 2311 2377 per-

264 2383 468 2449 tinet?
558 2383 858 2469 princeps
919 2383 1198 2449 civitatis
1259 2388 1325 2448 et
1382 2383 1551 2448 inter
1610 2383 1913 2467 antiquos
1968 2382 2313 2465 principes,
2348 2399 2397 2438 2⁵

263 2477 337 2537 ut
386 2473 560 2538 fama
607 2472 900 2556 tradidit,
954 2472 1262 2537 bonitatis
1323 2473 1593 2537 eximiae
1654 2471 2068 2536 memorabile
2125 2475 2312 2555 puta-

264 2562 359 2626 vit
441 2562 791 2646 spectaculi
873 2583 1075 2648 genus
1157 2583 1327 2626 novo
1402 2583 1582 2626 more
1658 2561 1923 2646 perdere
1994 2560 2313 2625 homines.

453 2789 696 2918 adprelio
734 2790 943 2844 dullius
972 2792 1028 2846 A
1072 2791 1092 2862 ΙΙ
1135 2791 1172 2844 4
1208 2790 1449 2860 gloriam
1486 2791 1549 2845 in
1585 2806 1759 2861 ηιαν9.
1788 2789 1917 2845 add.
1946 2788 2033 2845 A⁸
2070 2789 2091 2860 ΙῙ
2136 2788 2173 2842 6
2207 2805 2312 2843 nos

264 2881 306 2918 ⁸
335 2880 385 2918 ²²
414 2789 2313 3016 αἶᾶρ111ῑέ81,ζὲἓὲῗρέὦοἝὲἒξᾞιὲῃζῆῑέοὲὲέἒωῗιῖῃῗέιι

265 2949 410 3074 lamp
410 2907 736 3060 (essntizeerim
776 3012 828 3060 et
861 3006 1140 3059 uocantur
1175 3021 1216 3059 s,
1247 2951 1318 3059 vq
1327 3005 1456 3059 add.
1486 3005 1571 3060 Α8
1611 3005 1617 3078 Ι
1670 3003 1987 3058 codicariae
2016 3002 2099 3059 ,Αι
2138 3002 2312 3056 caud-

265 3074 351 3133 A⁸
392 3075 414 3148 ΙΙ
462 3075 533 3131 18
576 3075 820 3131 messala
864 3077 928 3130 in
963 3093 1135 3146 mary.
1175 3075 1261 3130 A⁶
1295 3076 1561 3131 messalla
1599 3075 1682 3132 ,Αι
1732 3077 1740 3146 Ι
1795 3076 2060 3144 cuiquam
2107 3074 2313 3130 Gruter

267 3147 570 3216 quicquam
598 3149 656 3204 A
692 3147 999 3217 quoiquam
1037 3148 1142 3202 aliz·
1130 3147 1203 3308 211
1231 3146 1303 3202 19
1332 3147 1477 3218 sylla
1505 3148 1562 3203 A
1597 3147 1619 3220 Η
1652 3147 1725 3202 20
1754 3147 1973 3202 allicati
1999 3149 2057 3202 A·
2082 3147 2103 3219 ΙΙ
2129 3145 2199 3200 21
2230 3145 2312 3199 ia-

269 3253 576 3308 culatorius
613 3255 669 3309 A
705 3270 842 3310 corr.
879 3255 1014 3324 υοῖ9.
1247 3254 1473 3323 111-15110
1504 3256 1591 3310 xis
1628 3255 1713 3311 Αι
1748 3220 2109 3327 11101511οΑ311
2147 3252 2311 3320 A²(?)

267 3324 490 3379 innoxis
526 3324 678 3379 edidi
709 3326 829 3380 coll.
873 3325 1024 3381 Ρῐὲπ.
1062 3253 1206 3380 11271.
1249 3327 1407 3380 VII
1436 3332 1488 3394 7,
1514 3331 1588 3382 20
1624 3327 1823 3395 Lipsio
1861 3326 2185 3394 Gertzioque
2222 3323 2310 3378 ob·

268 3403 886 3464 secutus‚quan1quam
923 3397 1048 3462 fieri
1084 3403 1290 3466 potest,
1334 3404 1399 3452 ut
1432 3400 1549 3467 ipse
1583 3398 1789 3454 Seneca
1825 3414 2004 3454 errore
2038 3396 2192 3452 haud
2225 3397 2310 3450 in·

269 3466 428 3520 solito
464 3465 644 3519 noxiis
686 3469 969 3536 scripserit
1271 3509 1282 3522 ..
