2544 3746
163 1034 222 1073 1⁰

167 1477 223 1520 16

173 2372 226 2414 25

470 63 570 118 AD
608 60 952 121 MARclAM
985 62 1086 117 DE
1125 60 1684 119 CONSOLATIONE
1722 62 1875 119 CAP.
1908 70 1991 119 14.
2024 70 2090 119 15
2178 68 2303 132 171

259 212 634 277 crescerent.
706 212 926 275 tamen
968 208 1140 274 intra
1181 208 1445 275 tertium
1494 208 1662 273 diem
1708 208 2125 293 imperatoria
2168 209 2311 275 obit

258 299 486 365 munia
530 302 597 363 et
640 302 775 363 tam
823 299 952 364 cito
1001 298 1291 364 dolorem
1336 298 1498 364 vicit
1542 319 1735 381 quam
1782 299 2002 364 omnia
2042 299 2308 380 solebat.

441 386 586 453 XV.
633 385 815 464 -Quid
856 387 1134 453 aliorum
1177 388 1303 453 tibi
1346 387 1576 453 funera
1613 384 1956 453 Caesarum
1991 388 2309 453 referam?
2350 408 2377 455 1

261 498 426 561 quos
484 476 556 542 in
613 476 740 543 hoc
792 476 956 543 mihi
999 476 1256 543 videtur
1309 476 1570 542 interim
1615 476 1857 543 violare
1903 477 2193 565 fortuna,
2235 482 2311 543 ut

259 567 356 632 sic
402 586 662 650 quoque
708 566 930 652 generi
971 567 1257 632 humano
1311 566 1567 651 prosint
1616 565 2025 632 ostendentes
2068 590 2151 632 ne
2198 587 2309 632 eos

261 655 552 739 quidem,
612 656 724 739 qui
783 654 881 720 dis
937 656 1142 741 geniti
1186 653 1469 738 deosque
1515 656 1799 741 genituri
1845 654 2167 739 dieantur,
2216 656 2311 721 sic

259 766 447 810 suam
518 744 848 810 fortunam
921 745 992 809 in
1063 747 1385 829 potestate
1456 744 1692 810 habere
1766 744 2309 827 quemadmodum

259 834 557 911 alienam.
663 833 850 899 divus
913 832 1251 922 Augustus
1316 834 1570 899 amissis
1632 833 1882 918 liberis,
1945 834 2313 919 nepotibus,
2347 852 2379 900 2

260 924 577 989 exhausta
621 920 965 989 Caesarum
1019 923 1211 989 turba
1263 923 1613 1007 adoptione
1667 922 1985 989 desertam
2044 923 2309 988 domum

259 1013 474 1078 fulsit:
518 1012 674 1077 tulit
715 1016 938 1078 tamen
980 1013 1224 1095 <tam>
1258 1011 1517 1078 fortiter
1562 1033 1755 1096 quam
1803 1013 1987 1078 cuius
2032 1014 2161 1077 iam
2208 1034 2310 1077 res

260 1102 578 1188 agebatur
636 1104 946 1185 cuiusque
1006 1102 1286 1167 maxime
1344 1102 1653 1167 intererat
1706 1102 1783 1167 de
1838 1101 1938 1166 dis
1983 1102 2309 1167 neminem

263 1192 466 1275 queri.
557 1190 654 1256 Ti.
699 1189 932 1257 Caesar
977 1195 1043 1256 et
1089 1212 1282 1276 quem
1330 1194 1641 1276 genuerat
1674 1195 1761 1257 *et
1807 1212 2001 1275 quem
2047 1190 2311 1275 adopta-
2348 1206 2381 1255 3

259 1284 445 1345 verat
508 1279 753 1364 amisit3
812 1279 951 1364 ipse
1013 1284 1234 1345 tamen
1293 1302 1412 1364 pro
1472 1280 1699 1345 rostris
1757 1280 2047 1345 laudavit
2100 1281 2308 1345 filium

261 1370 573 1453 stetitque
629 1368 701 1434 in
759 1372 1110 1453 conspectu
1168 1370 1385 1453 posito
1440 1390 1737 1453 corpore,
1789 1368 2125 1434 interiecto
2171 1372 2312 1433 tan-

261 1456 603 1525 tummodo
662 1457 1055 1542 velamento,
1113 1457 1290 1542 quod
1348 1458 1677 1543 pontificis
1735 1458 1957 1524 oculos
2004 1481 2042 1523 a
2087 1458 2312 1535 funere

259 1550 538 1631 arceret,
596 1550 663 1612 et
715 1545 916 1613 'flente
971 1548 1218 1632 populo
1265 1546 1561 1613 Romano
1615 1567 1751 1612 non
1804 1546 1987 1612 flexit
2029 1548 2311 1631 vultum3

261 1634 726 1721 experiendum
790 1656 859 1701 se
922 1635 1100 1701 dedit
1163 1633 1397 1702 Seiano
1458 1636 1539 1701 ad
1595 1637 1767 1701 latus
1828 1636 2056 1719 stanti,
2116 1658 2311 1720 quam

261 1725 586 1809 patienter
642 1729 864 1809 posset
921 1746 1072 1791 suos
1131 1726 1415 1810 perdere.
1505 1725 1767 1815 yidesne
1823 1729 2066 1810 quanta
2125 1725 2313 1809 copia
2350 1741 2382 1789 4

264 1815 554 1881 virorum
609 1813 1037 1882 maximorum
1093 1814 1208 1899 sit,
1252 1836 1416 1900 quos
1461 1836 1597 1880 non
1642 1815 1897 1900 excepit
1939 1814 2049 1882 hic
2094 1816 2313 1880 omnia

261 1907 678 1990 prosternens
740 1925 951 1988 casus,
1013 1908 1079 1970 et
1133 1925 1297 1989 quos
1344 1909 1447 1970 tot
1490 1905 1689 1969 animi
1732 1905 1929 1988 bona,
1982 1908 2086 1970 tot
2131 1927 2313 1970 orna-

264 1997 488 2059 menta
558 1994 816 2079 publice
887 1993 1323 2080 privatimque
1396 1998 1705 2080 congesta
1752 2044 1819 2058 ..
1876 1993 2101 2058 erant?
2200 1994 2312 2059 sed

264 2083 568 2150 videlicet
630 2083 684 2148 it
744 2083 816 2148 in
877 2084 1098 2149 orbem
1156 2084 1285 2149 ista
1342 2087 1693 2167 tempestas
1752 2087 1817 2148 et
1876 2085 2013 2149 sine
2073 2083 2313 2150 dilectu

261 2176 482 2239 vastat
540 2171 758 2238 omnia
815 2173 1079 2260 agitque
1133 2176 1209 2240 ut
1261 2194 1394 2239 sua.
1486 2173 1637 2238 iube
1682 2173 1975 2260 singulos
2022 2173 2313 2239 conferre

262 2263 613 2330 rationem:
659 2261 825 2328 nulli
870 2262 1146 2349 contigit
1189 2263 1433 2347 inpune
1476 2263 1674 2329 nasci.

447 2349 620 2420 XVI.
703 2349 853 2418 Scio
916 2351 1072 2436 quid
1131 2351 1333 2418 dicas:
1416 2351 1690 2418 ‘oblitus
1749 2373 1816 2416 es
1874 2351 2181 2418 feminam
2246 2357 2313 2417 te
2351 2365 2380 2416 1

263 2441 618 2524 consolari,
661 2441 946 2506 virorum
993 2441 1192 2507 refers
1239 2440 1575 2526 exempla?
1668 2441 1811 2526 quis
1873 2444 2088 2506 autem
2149 2440 2314 2505 dixit

263 2534 566 2595 naturam
611 2530 894 2618 maligne
941 2551 1090 2595 cum
1135 2530 1481 2596 mulierum
1528 2530 1804 2616 ingeniis
1844 2531 2051 2616 egisse
2087 2533 2153 2596 et
2188 2530 2312 2595 vir-

445 2686 484 2742 6
517 2687 618 2754 cfr.
651 2689 802 2759 Very.
833 2687 972 2743 Aen.
999 2687 1102 2742 IX
1133 2690 1245 2744 642

448 2793 480 2848 1
521 2797 836 2848 crescerent
874 2806 910 2847 s·
960 2797 1234 2849 cresceret
1269 2795 1327 2849 A
1376 2795 1397 2867 ΙΙ
1451 2794 1522 2849 10
1566 2796 1760 2849 tamen
1804 2796 1925 2847 tam
1960 2794 2024 2848 F
2060 2800 2127 2849 ut
2168 2796 2310 2849 coni.

267 2866 436 2922 Gertz
470 2867 666 2921 tamen
690 2867 747 2920 A
783 2866 905 2920 tam
943 2865 1182 2936 Madviy
1223 2865 1245 2938 Η
1294 2865 1365 2920 12
1404 2865 1482 2920 .T.
1514 2865 1684 2938 Cesar
1710 2866 1767 2920 A
1807 2865 1815 2937 Ι
1857 2867 2134 2934 genuerat
2158 2866 2216 2920 A
2252 2869 2311 2934 (u

261 2939 326 2992 in
363 2937 476 3004 fine
511 2953 701 2992 versus
733 2953 836 2992 scr.
865 2953 937 2992 m.
969 2943 1001 2992 1
1037 2939 1103 2992 in
1135 2953 1244 2992 ras.
1276 2939 1503 3006 maiore)
1539 2937 1561 3009 ΙΙ
1599 2935 1671 2991 18
1705 2939 1898 3006 posset
1924 2949 1959 2991 ς
1993 2936 2177 3006 possit
2202 2937 2258 2992 A
2293 2937 2314 3010 ΙΙ

261 3007 336 3064 20
374 3011 734 3077 prosternens
762 3021 797 3063 s·
831 3010 1150 3077 prosternes
1189 3011 1268 3078 (es
1306 3025 1447 3064 corr.
1472 3011 1539 3063 in
1575 3010 1634 3063 et
1668 3025 1738 3062 m.
1779 3012 1948 3078 1—2)
1983 3010 2039 3064 A
2080 3008 2087 3080 Ι
2128 3023 2310 3062 casus.

262 3081 312 3134 Sc
350 3095 493 3149 quos
533 3123 546 3135 .
575 3121 590 3136 ,
629 3081 1098 3150 congesta-erant
1125 3080 1182 3134 A
1223 3085 1424 3134 casus?
1480 3082 1539 3134 et
1576 3096 1687 3149 quo
1719 3121 1730 3133 .
1763 3121 1774 3132 .
1806 3082 2077 3150 congesta
2113 3082 2311 3135 erant?

265 3152 510 3221 Madvig
559 3155 758 3205 casus?
823 3152 882 3205 et
927 3151 988 3205 in
1033 3167 1175 3220 quos
1222 3193 1234 3204 .
1276 3191 1289 3204 .
1337 3153 1608 3220 congesta
1653 3153 1851 3206 erant?
1899 3151 2059 3206 Koch
2112 3159 2312 3206 casus?

265 3223 431 3290 atqui
467 3222 540 3276 iis
579 3265 591 3278 .
623 3264 636 3277 .
676 3223 945 3292 congesta
990 3224 1169 3277 erant.
1215 3221 1490 3284 Schultess
1546 3237 1708 3276 casus
1722 3265 1736 3289 ,
1774 3225 1857 3291 et,
1896 3239 2037 3290 quos
2076 3265 2089 3278 .
2130 3267 2141 3280 .
2182 3240 2312 3278 con-

263 3296 432 3364 gesta
469 3295 731 3348 sacrant?
780 3293 947 3350 Gertz
985 3295 1168 3364 (1889)
1227 3308 1415 3360 casus,
1434 3345 1436 3347 ,
1456 3295 1515 3347 et
1551 3310 1691 3362 quos
1732 3339 1743 3350 .
1783 3337 1796 3348 .
1836 3297 2105 3364 congesta
2144 3295 2313 3361 <ho-

263 3367 538 3433 nestav>
558 3366 757 3420 erant?
801 3381 898 3436 090
931 3366 1242 3434 scripserim
1280 3365 1303 3438 ΙΙ
1345 3364 1419 3420 26
1454 3363 1629 3421 refers
1668 3381 1700 3424 ς
1746 3364 1892 3420 refer
1917 3367 1974 3420 A
2018 3367 2025 3437 Ι
2085 3365 2230 3420 dixit
2257 3369 2313 3422 A

263 3437 414 3507 quod
457 3436 704 3504 defendit
747 3435 1022 3494 Schultess
1071 3435 1279 3492 dixerit
1314 3449 1350 3491 ς
1396 3437 1417 3509 {fi
1464 3435 1533 3492 27
1581 3437 1879 3493 mulierum
1917 3437 2142 3494 Fickert
2175 3454 2245 3493 ex
2280 3451 2315 3490 ς
