2544 3746
1145 44 1563 100 PRAEFATIO
2273 44 2379 99 VII

323 195 738 300 Ambrosiani,
785 215 942 274 quae
989 195 1263 275 dialogos
1313 196 1570 256 Senecae
1615 196 2054 274 complectitur.
2143 198 2211 256 in
2257 217 2379 276 qua

325 304 464 346 cum
527 287 730 346 omnia
793 287 1038 363 quidem
1098 285 1306 346 eadem
1364 305 1553 346 manu
1611 287 1865 362 scripta,
1926 287 2030 346 sed
2082 287 2280 346 multa
2340 305 2378 346 a

323 374 576 436 diversis
638 395 785 436 nec
811 375 1080 435 eiusdem
1143 375 1365 436 aetatis
1431 374 1863 436 correctoribus
1925 378 2163 435 mutata
2236 376 2378 450 sint,

325 483 562 524 summa
619 484 764 525 cura
821 464 1166 526 adhibenda
1225 466 1345 542 est,
1398 467 1471 526 ut
1523 465 1674 542 quid
1726 465 1945 543 cuique
1990 464 2373 532 tribuendum

250 623 254 627 ,
323 552 408 614 sit
453 573 636 632 quam
681 556 1130 616 accuratissime
1173 554 1308 614 fieri
1342 555 1540 631 possit
1574 554 1868 615 dinoscas.
1952 573 2075 631 qua
2110 554 2375 615 muneris

323 644 420 704 sui
476 645 651 721 parte
711 663 849 704 cum
906 643 1056 704 Itali
1100 645 1420 704 collatores
1480 645 1747 704 Fickerti
1805 663 1927 704 non
1984 644 2135 704 bene
2180 643 2378 704 functi
2426 715 2429 718 ‚

324 735 542 808 essent,
585 733 800 794 melius
844 733 1018 794 Koch
1061 754 1188 794 rem
1235 752 1380 794 sane
1427 733 1851 794 difficillimam
1897 752 2215 813 aggressus
2257 736 2377 807 est3

318 821 428 882 sed
491 842 566 882 ne
627 823 682 882 is
758 822 1002 900 quidem
1067 841 1166 898 ea,
1242 843 1365 900 qua
1438 823 1719 898 debebat,
1793 842 1939 883 cura
2002 824 2378 884 diversarum

239 913 252 919 '
321 930 614 971 manuum
653 915 858 989 partes
895 911 1188 973 distinxit.
1261 912 1454 972 multo
1498 915 1655 973 certe
1695 912 2036 974 accuratius
2073 911 2377 973 Gertzium

323 1000 398 1060 de
463 1001 719 1080 singulis
782 1002 1090 1077 manibus,
1155 1020 1398 1078 quoque
1466 1003 1643 1061 modo
1702 1003 1863 1062 inter
1926 1021 1989 1063 se
2053 1002 2376 1076 differrent,

321 1089 621 1151 iudicasse
657 1094 928 1168 apparet.
983 1090 1168 1152 liceat
1201 1090 1395 1170 igitur
1430 1090 1789 1170 gravissima
1828 1109 2105 1169 quaeque
2141 1112 2214 1151 ex
2250 1090 2375 1151 eius

322 1179 732 1257 disputatione
777 1180 875 1241 hic
917 1183 1204 1257 repetere.

501 1269 593 1330 Ac
656 1269 887 1346 primus
954 1269 1198 1346 quidem
1260 1269 1544 1329 librarius
1612 1262 1700 1351 (A
1766 1272 1877 1331 aut
1932 1262 2077 1350 Al),
2150 1269 2377 1330 latinae
2414 1267 2497 1322 Α1

321 1358 571 1437 linguae
623 1378 746 1419 non
801 1358 1125 1420 admodum
1177 1358 1437 1436 peritus,
1496 1378 1568 1418 ea
1614 1379 1769 1435 quae
1814 1359 1881 1418 in
1928 1359 2129 1420 codice
2176 1359 2376 1420 arche-

320 1451 471 1526 typo
501 1479 506 1484 ·
535 1449 851 1509 invenerat
912 1467 1150 1508 summa
1214 1467 1351 1508 cum
1414 1447 1530 1508 fide
1543 1493 1560 1523 ‚
1614 1448 1718 1508 sed
1775 1468 1896 1508 non
1952 1449 2197 1526 aequali
2243 1468 2378 1509 cum

323 1555 468 1597 cura
531 1537 876 1615 descripsit3
949 1557 1092 1597 nam
1154 1539 1295 1597 inde
1360 1555 1399 1596 a
1463 1537 1875 1598 consolatione
1941 1538 2035 1598 ad>
2086 1538 2379 1599 Marciam

319 1627 517 1686 multo
571 1625 988 1706 neglegentius
1045 1645 1230 1702 quam
1286 1628 1467 1686 antea
1512 1646 1757 1686 munere
1810 1646 1920 1688 suo
1977 1627 2221 1688 functus
2268 1630 2377 1688 est.

319 1717 458 1792 pari
515 1715 954 1794 inaequalitate
1013 1717 1256 1776 litterae
1315 1714 1494 1776 modo
1556 1717 1908 1795 diligentius
1972 1715 2172 1794 pictae
2234 1718 2379 1776 sunt

317 1804 499 1864 modo
536 1806 982 1885 properantius,
1027 1803 1206 1865 modo
1244 1806 1504 1885 grandes
1542 1809 1897 1883 crassaeque
1933 1807 2113 1865 modo
2151 1825 2377 1884 parvae

318 1898 677 1972 tenuesque,
736 1896 916 1955 modo
977 1898 1285 1955 coartatae
1349 1895 1528 1955 modo
1589 1896 1775 1957 latius
1832 1895 2141 1972 diducta03
2194 1895 2376 1956 verba

320 1984 471 2044 alibi
514 1986 693 2072 plene
736 1987 965 2062 scripta
1011 1988 1156 2045 sunt
1202 1984 1353 2044 alibi
1397 1984 1605 2044 multis
1653 1984 2049 2062 compendiis,
2096 1988 2193 2060 ut,
2240 2005 2376 2045 cum

316 2074 386 2133 in
437 2093 804 2151 unaquaque
858 2073 1086 2153 pagina
1143 2076 1225 2134 37
1277 2075 1400 2133 fere
1460 2092 1669 2135 versus
1716 2077 1868 2149 sint,
1926 2075 1993 2134 hi
2036 2076 2240 2134 tamen
2290 2077 2373 2135 37

317 2181 531 2223 versus
577 2162 722 2222 alibi
771 2166 853 2223 72
901 2163 1051 2223 alibi
1097 2165 1180 2223 45
1231 2163 1503 2223 versibus
1561 2161 1895 2224 Gertzianis
1954 2164 2375 2240 respondeant.

317 2253 384 2311 in
428 2254 784 2313 universum
829 2253 1101 2332 singulas
1145 2252 1403 2330 paginas
1450 2252 1611 2312 idem
1654 2254 1779 2313 fere
1826 2253 2159 2327 continere,
2215 2254 2377 2329 quod

318 2341 507 2401 codex
552 2342 918 2419 archetypus
962 2344 1030 2401 in
1075 2342 1335 2420 singulis
1381 2342 1547 2402 foliis
1590 2342 1927 2418 habuisset,
1977 2340 2156 2403 Gertz
2200 2360 2373 2423 saga-

317 2429 471 2491 citer
515 2431 858 2507 suspicatus
904 2433 1013 2492 est.
1094 2432 1316 2508 multa,
1365 2450 1521 2509 quae
1566 2451 1751 2508 prave
1796 2433 2148 2509 scripserat,
2192 2431 2372 2491 libra·

315 2520 446 2580 rius
509 2520 641 2597 ipse
703 2521 792 2580 ita
855 2521 1138 2595 correxit,
1197 2523 1270 2581 ut
1330 2539 1469 2580 raro
1529 2540 1807 2581 rasuram
1868 2518 2205 2594 adhiberet,
2268 2521 2375 2581 sed

315 2609 561 2686 punctis
617 2610 973 2686 plerumque
1028 2608 1268 2669 additis<
1310 2612 1421 2669 aut
1452 2609 1716 2670 ‘lineolis
1763 2609 2119 2671 transversis
2167 2628 2371 2688 super-

315 2717 516 2758 vacua
553 2698 805 2774 deleret,
852 2697 1075 2759 omissa
1111 2717 1297 2775 supra
1332 2717 1571 2759 versum
1601 2698 1865 2759 adderet.
1928 2699 2195 2759 dubitari
2232 2716 2372 2760 vero

316 2786 559 2865 nequit,
605 2788 754 2866 quin
797 2787 1056 2848 fideliter
1098 2790 1538 2865 praescriptum
1584 2788 1915 2849 reddiderit
1959 2806 2155 2867 neque
2201 2788 2372 2865 quid-

317 2896 507 2953 quam
563 2879 670 2936 aut
714 2877 1040 2937 admodum
1085 2896 1310 2954 pauca,
1366 2880 1427 2937 et
1481 2896 1635 2955 quae
1690 2877 1867 2937 facile
1915 2881 2372 2957 cognoscantur,

315 2965 393 3025 de
455 2984 636 3137 suo)
651 2966 950 3026 addiderit
1039 2959 1173 3049 (cfr.
1215 2988 1272 3044 p.
1320 2968 1469 3043 250,
1512 2968 1622 3044 193
1690 2968 1838 3042 264,
1881 2971 1991 3044 113
2068 2969 2216 3043 265,
2259 2969 2370 3043 19;

498 3145 592 3207 Ea
660 3162 816 3221 quae
883 3144 1080 3222 prima
1138 3164 1355 3205 manus
1416 3148 1769 3207 exaraverat
1839 3164 1963 3205 non
2023 3146 2113 3207 ita
2174 3146 2368 3207 multo
2407 3148 2490 3201 A²

313 3235 461 3312 post
507 3266 591 3275 —-—
637 3234 869 3293 Kochio
917 3227 993 3293 si*
1016 3234 1196 3295 fidem
1241 3233 1561 3311 habemus,
1606 3252 1759 3295 saec.
1787 3233 1907 3293 XII
1949 3238 2121 3313 parte
2172 3235 2369 3313 priore

315 3355 408 3365 --
444 3327 745 3383 corrector
782 3322 1030 3400 quidam
1064 3324 1310 3402 linguae
1345 3324 1575 3384 latinae
1594 3324 1823 3399 -scienS,
1870 3326 1995 3385 sive
2025 3326 2367 3401 archetypo

313 3430 463 3473 usus
509 3414 636 3473 sive
677 3413 868 3473 altero
907 3414 1257 3492 apographo
1296 3414 1427 3474 eius
1466 3432 1654 3490 eoque
1692 3412 2053 3490 quibusdam
2086 3413 2153 3472 in
2188 3412 2366 3472 rebus
2499 3382 2519 3505 ]
