2544 3746
727 76 826 132 DE
862 76 991 132 mA
1027 76 1161 133 ΗΒ.
1191 76 1289 135 111.
1352 76 1509 137 GAP.
1538 82 1623 133 ετ.
1654 82 1723 133 28
2127 81 2253 147 13⁷

214 224 358 307 quis
423 223 694 289 consilio
757 225 959 307 caret3
1023 221 1180 306 quid
1243 223 1417 289 enim
1480 223 1677 289 refert
1734 246 1817 289 an
1878 223 2006 289 alia
2058 224 2253 289 mutis

212 313 552 379 dissimilia.
593 312 850 396 habeat,
907 311 964 377 si
1008 311 1160 396 hoc,
1207 310 1382 397 quod
1428 313 1497 377 in
1544 312 1721 378 omni
1764 317 2031 398 peccato
2076 317 2259 379 muta

211 401 522 487 defendit,
587 402 793 468 simile
857 400 1078 485 habet,
1141 401 1485 488 caliginem
1557 402 1835 468 mentis?
1938 403 2256 488 peccavit:
2293 419 2326 469 3

209 492 337 557 hoc
400 492 572 557 enim
633 489 962 576 primum?
1049 490 1177 557 hoc
1238 490 1412 556 enim
1475 494 1767 557 extremu
1842 491 1878 558 ⁴?
1964 513 2099 558 non
2158 496 2258 558 est

147 600 172 639 5
211 580 388 665 quod
424 581 524 645 illi
559 579 806 664 credas,
852 579 1048 645 etiam
1086 580 1142 647 si
1178 578 1439 645 dixerit:
1494 580 1761 646 ‘iterum
1852 602 1939 646 on
1982 581 2257 647 faciam?

209 674 275 735 et
339 670 460 735 iste
522 669 816 754 peccabit
875 672 940 734 et
998 670 1068 733 in
1126 670 1324 735 istum
1384 668 1548 734 alius
1603 672 1670 734 et
1721 673 1863 736 tota
1910 671 2047 736 vita
2090 671 2259 735 inter

210 780 456 825 errores
520 758 936 824 volutabitur.
1044 761 1377 824 mansuete
1450 758 1853 824 inmansueta
1924 760 2259 826 tractanda

210 853 377 914 sunt.
471 847 646 932 quod
691 848 760 913 in
803 849 988 914 luctu
1032 847 1161 914 dici
1207 848 1375 913 solet
1419 848 1888 932 efficacissime,
1938 852 2005 913 et
2048 850 2117 914 in
2163 850 2260 914 ira
2295 865 2330 915 ι

209 937 483 1003 dicetur:
529 940 749 1003 utrum
794 936 1140 1021 aliquando
1178 935 1429 1004 desines
1466 960 1552 1003 an
1584 932 2005 1023 numquam?
2054 939 2110 1003 si
2147 939 2261 1003 ali-

117 1045 170 1085 1⁰
209 1026 496 1111 quando,
543 1030 788 1111 quanto
835 1026 1035 1091 satius
1079 1029 1180 1106 ,est
1215 1026 1379 1091 iram
1415 1026 1777 1111 relinquere
1814 1048 2009 1113 quam
2045 1026 2127 1092 ab
2164 1027 2261 1092 ira

206 1114 517 1200 relinqui!
590 1137 674 1180 an
709 1137 962 1201 semper
995 1114 1155 1181 haec
1190 1115 1539 1181 concitatio
1576 1116 2020 1201 permanebit?
2081 1116 2258 1181 vides

209 1226 408 1289 quam
471 1206 836 1290 inpacatam
899 1204 1022 1270 tibi
1085 1203 1422 1270 denunties
1485 1204 1731 1271 vitam?
1821 1205 2032 1289 qualis
2088 1207 2260 1272 enim

208 1295 335 1359 erit
380 1316 632 1378 semper
675 1293 1028 1360 tumentis?
1103 1293 1285 1360 adice
1328 1315 1503 1360 nunc
1549 1294 1749 1379 quod,
1796 1315 1943 1359 cum
1987 1294 2151 1360 bene
2195 1299 2261 1359 te
2299 1310 2331 1357 5

209 1384 352 1468 ipse
413 1383 815 1450 succenderis
869 1386 936 1448 et
989 1383 1259 1449 subinde
1313 1404 1565 1467 causas,
1613 1384 1847 1468 quibus
1894 1383 2260 1467 stimuleris,

119 1488 170 1529 1⁵
207 1473 646 1554 renovaveris,
707 1494 824 1537 sua
883 1476 1114 1555 sponte
1168 1473 1265 1537 ira
1320 1472 1603 1538 discedet
1656 1476 1721 1537 et
1766 1473 1933 1537 vires
1979 1472 2079 1538 illi
2124 1473 2259 1538 dies

209 1562 569 1625 subtrahet:
617 1562 860 1644 quanto
899 1560 1100 1625 satius
1137 1564 1237 1626 est
1271 1583 1312 1625 a
1346 1563 1411 1624 te
1447 1559 1628 1625 illam
1664 1562 1839 1626 vinci
1878 1584 2072 1646 quam
2100 1584 2139 1626 a
2168 1562 2259 1628 se!

390 1664 693 1731 XXVIII.
755 1664 930 1733 Huic
965 1666 1285 1750 irasceris,
1333 1666 1560 1731 deinde
1596 1667 1722 1751 illi3
1768 1668 1994 1752 servis,
2034 1668 2261 1733 deinde
2300 1683 2329 1731 1

205 1756 489 1840 libertis3
524 1756 926 1840 parentibus,
962 1756 1189 1822 deinde
1222 1756 1473 1839 liberis3
1508 1756 1708 1840 notis,
1738 1756 1965 1822 deinde
1993 1757 2260 1843 ignotis:

207 1846 452 1931 ubique
497 1844 670 1911 enim
715 1866 944 1912 causae
991 1848 1361 1931 supersunt,
1414 1846 1546 1912 nisi
1589 1845 1965 1932 deprecator
2010 1846 2261 1913 animus

115 1953 170 1993 ²⁰
208 1936 497 2002 accessit.
571 1935 725 2000 hinc
769 1938 834 1999 te
879 1936 995 2000 illo
1043 1936 1224 2001 furor
1268 1935 1502 2020 rapiet,
1548 1936 1731 2002 illinc
1772 1937 1927 2019 alic,
1975 1940 2040 2002 et
2074 1937 2261 2002 novis

209 2025 484 2091 subinde
557 2025 984 2090 inritamentis
1059 2025 1415 2091 orientibus
1480 2024 1964 2090 continuabitur
2024 2027 2259 2091 rabies:

208 2136 358 2200 age,
414 2114 667 2198 infelix,
723 2113 1053 2197 ecquando
1111 2113 1399 2180 amabis?
1490 2136 1529 2179 o
1578 2136 1772 2199 quam
1816 2114 2059 2180 bonum
2104 2118 2263 2181 tem·

207 2225 334 2288 pus
382 2203 452 2268 in
486 2226 556 2269 re
593 2205 764 2270 mala
800 2204 1042 2290 perdis!
1118 2207 1359 2290 quanto
1395 2225 1570 2270 nunc
1607 2207 1744 2269 erat
1781 2205 1982 2270 satius
2019 2206 2261 2271 amicos
2298 2219 2329 2268 2

209 2315 465 2379 parare,
512 2294 810 2360 inimicos
855 2293 1179 2380 mitigare,
1233 2315 1370 2359 rem
1424 2293 1752 2379 publicam
1798 2294 2260 2379 administrare,

115 2397 169 2439 τῦ
206 2382 558 2448 transferre
631 2384 702 2448 in
764 2405 864 2448 res
929 2383 1311 2448 domesticas
1382 2405 1672 2467 operam,
1737 2404 1929 2466 quam
1993 2385 2263 2449 circum-

209 2471 486 2556 spicere,
534 2472 692 2556 quid
737 2471 930 2537 alicui
975 2471 1185 2538 facere
1225 2472 1437 2556 possis
1475 2472 1656 2556 mali,
1695 2471 1870 2556 quod
1905 2475 2019 2537 aut
2054 2472 2262 2558 digni-

208 2561 333 2626 tati
392 2561 529 2626 eius
590 2565 705 2626 aut
761 2561 1152 2647 patrimonio
1213 2564 1328 2626 aut
1380 2561 1638 2646 corpori
1691 2563 1927 2626 vulnus
1984 2561 2260 2648 infligas,

209 2671 363 2716 cum
408 2649 474 2714 id
521 2650 642 2728 tibi
687 2652 1060 2737 contingere
1107 2651 1243 2717 sine
1289 2651 1636 2717 certamine
1682 2672 1758 2716 ac
1802 2651 2090 2737 periculo
2128 2673 2262 2716 non

209 2741 447 2824 possit,
495 2740 687 2804 etiam
725 2741 782 2805 si
819 2761 965 2806 cum
1002 2740 1306 2806 inferiore
1343 2740 1709 2806 concurses!
1782 2741 2072 2806 vinctum
2108 2741 2262 2807 licet
2299 2753 2331 2803 3

118 2844 172 2884 ³⁰
209 2829 494 2913 accipias
540 2831 604 2893 et
649 2828 730 2892 ad
777 2829 1114 2894 arbitrium
1162 2833 1349 2913 tuum
1397 2829 1574 2893 omni
1618 2829 1965 2913 patientiae
2012 2831 2262 2914 exposi-

208 2920 380 2981 tum:
429 2939 617 3002 saepe
652 2917 854 2982 nimia
884 2919 982 2983 vis
1022 2918 1343 2984 caedentis
1372 2922 1485 2983 aut
1512 2919 1854 2983 articulum
1879 2919 2027 2984 loco
2056 2921 2261 2984 movit

211 3008 327 3072 aut
371 3029 642 3072 nervum
688 3007 758 3071 in
801 3007 903 3073 his
952 3029 1114 3092 quos
1152 3009 1433 3094 fregerat
1469 3005 1767 3073 dentibus
1804 3008 1975 3092 fixit3
2020 3009 2259 3074 multos

393 3164 426 3219 1
478 3165 652 3219 mutis
701 3181 734 3222 ς
788 3170 839 3219 et
882 3165 1022 3236 voly.
1068 3165 1264 3219 multis
1307 3167 1362 3221 A
1406 3164 1434 3250 J!
1484 3165 1521 3220 3
1567 3164 1769 3220 simile·
1790 3178 1825 3220 ς
1869 3164 2111 3220 similem
2149 3167 2205 3220 A
2240 3166 2261 3238 ΙΙ

212 3235 250 3290 8
285 3236 638 3290 inradicetur
663 3234 764 3302 ΔΙ,
799 3236 895 3290 sed
928 3238 1074 3291 inter
1109 3254 1148 3289 n
1184 3242 1235 3291 et
1270 3255 1300 3290 r
1335 3237 1455 3291 alta
1489 3255 1637 3292 man.
1676 3239 1700 3292 i
1736 3238 1862 3292 add.
1902 3237 1923 3310 ΙΙ
1966 3236 2033 3291 11
2075 3237 2260 3291 conci·

212 3308 360 3362 tatio
402 3307 570 3363 Gertz
605 3307 879 3378 cogitatio
906 3308 1028 3363 AL
1061 3309 1068 3379 Ι
1099 3307 1257 3362 vides
1290 3350 1300 3361 .
1336 3350 1349 3362 .
1380 3350 1391 3362 .
1420 3308 1634 3362 vitam?
1670 3310 2021 3378 interpumaeit
2048 3308 2207 3363 Koch
2242 3309 2262 3380 ΙΙ

212 3377 285 3431 12
324 3378 662 3433 denuntiem
691 3380 748 3434 A
785 3379 1006 3449 (ultima
1042 3398 1080 3433 n
1108 3381 1339 3449 pumctis
1373 3380 1497 3449 del.)
1534 3380 1555 3452 Η
1586 3379 1659 3435 22
1696 3379 1990 3449 ecquando
2024 3380 2274 3450 Bentley„

215 3453 274 3505 et
310 3450 539 3519 quando
567 3451 624 3505 A
659 3450 680 3522 Η
713 3449 786 3506 82
821 3450 910 3504 his
940 3454 995 3508 A
1033 3451 1082 3506 is
1121 3452 1403 3508 Rossbach
2188 3463 2204 3509 i
2258 3464 2276 3508 3
