<?xml version="1.0" encoding="UTF-8"?>
<!DOCTYPE html PUBLIC "-//W3C//DTD XHTML 1.0 Transitional//EN"
    "http://www.w3.org/TR/xhtml1/DTD/xhtml1-transitional.dtd">
<html xmlns="http://www.w3.org/1999/xhtml" xml:lang="en" lang="en">
 <head>
  <title>
</title>
<meta http-equiv="Content-Type" content="text/html;charset=utf-8" />
  <meta name='ocr-system' content='tesseract 3.04.00' />
  <meta name='ocr-capabilities' content='ocr_page ocr_carea ocr_par ocr_line ocrx_word'/>
</head>
<body>
  <div class='ocr_page' id='page_1' title='image "./lannaeisenecaeo01unkngoog_0207.png"; bbox 0 0 2544 3746; ppageno 0'>
   <div class='ocr_carea' id='block_1_1' title="bbox 187 1036 248 1076">
    <p class='ocr_par' dir='ltr' id='par_1_1' title="bbox 187 1036 248 1076">
     <span class='ocr_line' id='line_1_1' title="bbox 187 1036 248 1076; baseline 0 0"><span class='ocrx_word' id='word_1_1' title='bbox 187 1036 248 1076; x_wconf 80' lang='lat'><strong>10</strong></span> 
     </span>
    </p>
   </div>
   <div class='ocr_carea' id='block_1_2' title="bbox 189 1482 246 1523">
    <p class='ocr_par' dir='ltr' id='par_1_2' title="bbox 189 1482 246 1523">
     <span class='ocr_line' id='line_1_2' title="bbox 189 1482 246 1523; baseline 0.018 -1"><span class='ocrx_word' id='word_1_2' title='bbox 189 1482 246 1523; x_wconf 79' lang='lat'><strong>15</strong></span> 
     </span>
    </p>
   </div>
   <div class='ocr_carea' id='block_1_3' title="bbox 187 1929 248 1969">
    <p class='ocr_par' dir='ltr' id='par_1_3' title="bbox 187 1929 248 1969">
     <span class='ocr_line' id='line_1_3' title="bbox 187 1929 248 1969; baseline -0.016 0"><span class='ocrx_word' id='word_1_3' title='bbox 187 1929 248 1969; x_wconf 73' lang='lat'><strong>20</strong></span> 
     </span>
    </p>
   </div>
   <div class='ocr_carea' id='block_1_4' title="bbox 552 60 2330 131">
    <p class='ocr_par' dir='ltr' id='par_1_4' title="bbox 552 60 2330 131">
     <span class='ocr_line' id='line_1_4' title="bbox 552 60 2330 131; baseline 0.001 -14"><span class='ocrx_word' id='word_1_4' title='bbox 552 63 654 117; x_wconf 81' lang='lat' dir='ltr'><strong>AD</strong></span> <span class='ocrx_word' id='word_1_5' title='bbox 691 60 1036 119; x_wconf 74' lang='lat' dir='ltr'>MAROIAM</span> <span class='ocrx_word' id='word_1_6' title='bbox 1072 62 1170 116; x_wconf 80' lang='lat' dir='ltr'><strong>DE</strong></span> <span class='ocrx_word' id='word_1_7' title='bbox 1210 60 1768 117; x_wconf 81' lang='lat' dir='ltr'>CONSOLATIONE</span> <span class='ocrx_word' id='word_1_8' title='bbox 1807 60 1961 117; x_wconf 86' lang='lat' dir='ltr'><strong><em>CAP.</em></strong></span> <span class='ocrx_word' id='word_1_9' title='bbox 1992 67 2057 116; x_wconf 84' lang='lat'><strong>21</strong></span> <span class='ocrx_word' id='word_1_10' title='bbox 2202 64 2330 131; x_wconf 85' lang='lat'><strong>183</strong></span> 
     </span>
    </p>
   </div>
   <div class='ocr_carea' id='block_1_5' title="bbox 281 207 2402 2529">
    <p class='ocr_par' dir='ltr' id='par_1_5' title="bbox 281 207 2333 829">
     <span class='ocr_line' id='line_1_5' title="bbox 281 207 2333 295; baseline -0 -21"><span class='ocrx_word' id='word_1_11' title='bbox 281 208 430 295; x_wconf 85' lang='lat' dir='ltr'><strong>ipsa</strong></span> <span class='ocrx_word' id='word_1_12' title='bbox 473 208 780 293; x_wconf 85' lang='lat' dir='ltr'><strong>pecunia,</strong></span> <span class='ocrx_word' id='word_1_13' title='bbox 841 230 1033 293; x_wconf 88' lang='lat' dir='ltr'><strong>quam</strong></span> <span class='ocrx_word' id='word_1_14' title='bbox 1099 208 1427 273; x_wconf 76' lang='lat' dir='ltr'><strong>adferebat</strong></span> <span class='ocrx_word' id='word_1_15' title='bbox 1472 208 1649 273; x_wconf 77' lang='lat' dir='ltr'><strong>civili</strong></span> <span class='ocrx_word' id='word_1_16' title='bbox 1694 207 1865 274; x_wconf 92' lang='lat' dir='ltr'><strong>bello</strong></span> <span class='ocrx_word' id='word_1_17' title='bbox 1921 207 2333 293; x_wconf 74' lang='lat' dir='ltr'><strong>stipendium,</strong></span> 
     </span>
     <span class='ocr_line' id='line_1_6' title="bbox 281 296 2333 380; baseline -0.001 -16"><span class='ocrx_word' id='word_1_18' title='bbox 281 320 502 364; x_wconf 84' lang='lat' dir='ltr'><strong>nonne</strong></span> <span class='ocrx_word' id='word_1_19' title='bbox 544 298 645 364; x_wconf 89' lang='lat' dir='ltr'><strong>illi</strong></span> <span class='ocrx_word' id='word_1_20' title='bbox 687 298 853 363; x_wconf 89' lang='lat' dir='ltr'><strong>bene</strong></span> <span class='ocrx_word' id='word_1_21' title='bbox 898 302 1114 363; x_wconf 90' lang='lat' dir='ltr'><strong>actum</strong></span> <span class='ocrx_word' id='word_1_22' title='bbox 1151 296 1365 363; x_wconf 80' lang='lat' dir='ltr'><strong>foret?</strong></span> <span class='ocrx_word' id='word_1_23' title='bbox 1433 297 1561 362; x_wconf 90' lang='lat' dir='ltr'><strong>hoc</strong></span> <span class='ocrx_word' id='word_1_24' title='bbox 1598 301 1768 363; x_wconf 89' lang='lat' dir='ltr'><strong>certe</strong></span> <span class='ocrx_word' id='word_1_25' title='bbox 1804 319 2022 363; x_wconf 90' lang='lat' dir='ltr'><strong>secum</strong></span> <span class='ocrx_word' id='word_1_26' title='bbox 2059 297 2333 380; x_wconf 88' lang='lat' dir='ltr'><strong>tulisset,</strong></span> 
     </span>
     <span class='ocr_line' id='line_1_7' title="bbox 283 384 2330 472; baseline -0.001 -19"><span class='ocrx_word' id='word_1_27' title='bbox 283 388 609 453; x_wconf 90' lang='lat' dir='ltr'><strong>neminem</strong></span> <span class='ocrx_word' id='word_1_28' title='bbox 639 410 946 453; x_wconf 87' lang='lat' dir='ltr'><strong>ausurum</strong></span> <span class='ocrx_word' id='word_1_29' title='bbox 977 408 1192 453; x_wconf 89' lang='lat' dir='ltr'><strong>coram</strong></span> <span class='ocrx_word' id='word_1_30' title='bbox 1223 384 1466 452; x_wconf 83' lang='lat' dir='ltr'><strong>Catone</strong></span> <span class='ocrx_word' id='word_1_31' title='bbox 1494 408 1787 472; x_wconf 75' lang='lat' dir='ltr'><strong>peccaret</strong></span> <span class='ocrx_word' id='word_1_32' title='bbox 1812 408 1987 453; x_wconf 90' lang='lat' dir='ltr'><strong>nunc</strong></span> <span class='ocrx_word' id='word_1_33' title='bbox 2014 408 2330 453; x_wconf 88' lang='lat' dir='ltr'><strong>annorum</strong></span> 
     </span>
     <span class='ocr_line' id='line_1_8' title="bbox 283 475 2331 563; baseline 0 -22"><span class='ocrx_word' id='word_1_34' title='bbox 283 477 562 543; x_wconf 88' lang='lat' dir='ltr'><strong>adiectio</strong></span> <span class='ocrx_word' id='word_1_35' title='bbox 597 478 1136 563; x_wconf 88' lang='lat' dir='ltr'><strong>paucissimorum</strong></span> <span class='ocrx_word' id='word_1_36' title='bbox 1174 477 1387 542; x_wconf 78' lang='lat' dir='ltr'><strong>virum</strong></span> <span class='ocrx_word' id='word_1_37' title='bbox 1420 475 1709 542; x_wconf 78' lang='lat' dir='ltr'><strong>libertati</strong></span> <span class='ocrx_word' id='word_1_38' title='bbox 1734 498 1869 542; x_wconf 91' lang='lat' dir='ltr'><strong>non</strong></span> <span class='ocrx_word' id='word_1_39' title='bbox 1896 498 2049 542; x_wconf 88' lang='lat' dir='ltr'><strong>suae</strong></span> <span class='ocrx_word' id='word_1_40' title='bbox 2075 479 2331 542; x_wconf 86' lang='lat' dir='ltr'><strong>tantum</strong></span> 
     </span>
     <span class='ocr_line' id='line_1_9' title="bbox 283 564 2331 652; baseline -0.001 -20"><span class='ocrx_word' id='word_1_41' title='bbox 283 568 400 632; x_wconf 87' lang='lat' dir='ltr'><strong>sed</strong></span> <span class='ocrx_word' id='word_1_42' title='bbox 435 566 734 652; x_wconf 88' lang='lat' dir='ltr'><strong>publicae</strong></span> <span class='ocrx_word' id='word_1_43' title='bbox 768 570 996 631; x_wconf 89' lang='lat' dir='ltr'><strong>natum</strong></span> <span class='ocrx_word' id='word_1_44' title='bbox 1034 565 1248 652; x_wconf 80' lang='lat' dir='ltr'><strong>coegit</strong></span> <span class='ocrx_word' id='word_1_45' title='bbox 1286 564 1620 631; x_wconf 86' lang='lat' dir='ltr'><strong>Gaesarem</strong></span> <span class='ocrx_word' id='word_1_46' title='bbox 1656 566 1909 651; x_wconf 86' lang='lat' dir='ltr'><strong>fugere,</strong></span> <span class='ocrx_word' id='word_1_47' title='bbox 1948 565 2331 652; x_wconf 88' lang='lat' dir='ltr'><strong>Pompeium</strong></span> 
     </span>
     <span class='ocr_line' id='line_1_10' title="bbox 285 654 2331 743; baseline -0.001 -22"><span class='ocrx_word' id='word_1_48' title='bbox 285 656 488 739; x_wconf 88' lang='lat' dir='ltr'><strong>sequi.</strong></span> <span class='ocrx_word' id='word_1_49' title='bbox 559 654 726 720; x_wconf 85' lang='lat' dir='ltr'><strong>nihil</strong></span> <span class='ocrx_word' id='word_1_50' title='bbox 771 677 926 743; x_wconf 86' lang='lat' dir='ltr'><strong>ergo</strong></span> <span class='ocrx_word' id='word_1_51' title='bbox 973 654 1070 721; x_wconf 92' lang='lat' dir='ltr'><strong>illi</strong></span> <span class='ocrx_word' id='word_1_52' title='bbox 1116 654 1272 720; x_wconf 87' lang='lat' dir='ltr'><strong>mali</strong></span> <span class='ocrx_word' id='word_1_53' title='bbox 1317 656 1639 721; x_wconf 87' lang='lat' dir='ltr'><strong>inmatura</strong></span> <span class='ocrx_word' id='word_1_54' title='bbox 1683 677 1858 721; x_wconf 89' lang='lat' dir='ltr'><strong>mors</strong></span> <span class='ocrx_word' id='word_1_55' title='bbox 1904 656 2151 722; x_wconf 86' lang='lat' dir='ltr'><strong>attulit:</strong></span> <span class='ocrx_word' id='word_1_56' title='bbox 2196 674 2331 719; x_wconf 89' lang='lat' dir='ltr'><strong>om-</strong></span> 
     </span>
     <span class='ocr_line' id='line_1_11' title="bbox 283 744 1811 829; baseline -0.001 -19"><span class='ocrx_word' id='word_1_57' title='bbox 283 746 468 810; x_wconf 82' lang='lat' dir='ltr'><strong>nium</strong></span> <span class='ocrx_word' id='word_1_58' title='bbox 515 746 707 810; x_wconf 89' lang='lat' dir='ltr'><strong>etiam</strong></span> <span class='ocrx_word' id='word_1_59' title='bbox 755 746 1074 811; x_wconf 87' lang='lat' dir='ltr'><strong>malorum</strong></span> <span class='ocrx_word' id='word_1_60' title='bbox 1120 744 1370 809; x_wconf 79' lang='lat' dir='ltr'><strong>remisit</strong></span> <span class='ocrx_word' id='word_1_61' title='bbox 1414 744 1811 829; x_wconf 87' lang='lat' dir='ltr'><strong>patientiam.</strong></span> 
     </span>
    </p>

    <p class='ocr_par' dir='ltr' id='par_1_6' title="bbox 282 832 2402 2529">
     <span class='ocr_line' id='line_1_12' title="bbox 465 832 2332 920; baseline -0.001 -21"><span class='ocrx_word' id='word_1_62' title='bbox 465 832 639 899; x_wconf 90' lang='lat' dir='ltr'>XXI.</span> <span class='ocrx_word' id='word_1_63' title='bbox 713 833 957 901; x_wconf 89' lang='lat' dir='ltr'><strong>Nimis</strong></span> <span class='ocrx_word' id='word_1_64' title='bbox 999 839 1219 900; x_wconf 90' lang='lat' dir='ltr'><strong>tamen</strong></span> <span class='ocrx_word' id='word_1_65' title='bbox 1255 833 1385 899; x_wconf 89' lang='lat' dir='ltr'><strong>cito</strong></span> <span class='ocrx_word' id='word_1_66' title='bbox 1423 838 1594 920; x_wconf 86' lang='lat' dir='ltr'><strong>perit</strong></span> <span class='ocrx_word' id='word_1_67' title='bbox 1630 837 1695 899; x_wconf 92' lang='lat' dir='ltr'><strong>et</strong></span> <span class='ocrx_word' id='word_1_68' title='bbox 1728 834 2132 909; x_wconf 68' lang='lat' dir='ltr'><strong>inmaturus?</strong></span> <span class='ocrx_word' id='word_1_69' title='bbox 2206 833 2332 920; x_wconf 91' lang='lat' dir='ltr'><strong>pri-</strong></span> 
     </span>
     <span class='ocr_line' id='line_1_13' title="bbox 285 924 2333 1010; baseline -0 -21"><span class='ocrx_word' id='word_1_70' title='bbox 285 945 467 989; x_wconf 89' lang='lat' dir='ltr'><strong>mum</strong></span> <span class='ocrx_word' id='word_1_71' title='bbox 515 928 676 1008; x_wconf 89' lang='lat' dir='ltr'><strong>puta</strong></span> <span class='ocrx_word' id='word_1_72' title='bbox 719 924 818 988; x_wconf 86' lang='lat' dir='ltr'><strong>illi</strong></span> <span class='ocrx_word' id='word_1_73' title='bbox 865 924 1256 1010; x_wconf 79' lang='lat' dir='ltr'><strong>superfuisse</strong></span> <span class='ocrx_word' id='word_1_74' title='bbox 1297 960 1381 971; x_wconf 87' lang='lat'>-</span> <span class='ocrx_word' id='word_1_75' title='bbox 1420 924 1784 1008; x_wconf 88' lang='lat' dir='ltr'><strong>conprende</strong></span> <span class='ocrx_word' id='word_1_76' title='bbox 1830 928 2147 1008; x_wconf 86' lang='lat' dir='ltr'><strong>quantum</strong></span> <span class='ocrx_word' id='word_1_77' title='bbox 2190 924 2333 1009; x_wconf 88' lang='lat' dir='ltr'><strong>plu·</strong></span> 
     </span>
     <span class='ocr_line' id='line_1_14' title="bbox 283 1012 2331 1098; baseline -0.001 -19"><span class='ocrx_word' id='word_1_78' title='bbox 283 1014 523 1079; x_wconf 80' lang='lat' dir='ltr'><strong>rimam</strong></span> <span class='ocrx_word' id='word_1_79' title='bbox 609 1012 958 1098; x_wconf 83' lang='lat' dir='ltr'><strong>procedere</strong></span> <span class='ocrx_word' id='word_1_80' title='bbox 1034 1013 1287 1079; x_wconf 86' lang='lat' dir='ltr'><strong>homini</strong></span> <span class='ocrx_word' id='word_1_81' title='bbox 1356 1014 1536 1079; x_wconf 86' lang='lat' dir='ltr'><strong>licet.</strong></span> <span class='ocrx_word' id='word_1_82' title='bbox 1617 1018 1931 1097; x_wconf 85' lang='lat' dir='ltr'><strong>quantum</strong></span> <span class='ocrx_word' id='word_1_83' title='bbox 2004 1012 2145 1079; x_wconf 80' lang='lat' dir='ltr'><strong>est?</strong></span> <span class='ocrx_word' id='word_1_84' title='bbox 2250 1012 2331 1077; x_wconf 91' lang='lat' dir='ltr'><strong>ad</strong></span> 
     </span>
     <span class='ocr_line' id='line_1_15' title="bbox 285 1102 2332 1203; baseline -0.001 -36"><span class='ocrx_word' id='word_1_85' title='bbox 285 1102 741 1169; x_wconf 82' lang='lat' dir='ltr'><strong>brevissimum</strong></span> <span class='ocrx_word' id='word_1_86' title='bbox 801 1106 1056 1187; x_wconf 87' lang='lat' dir='ltr'><strong>tempus</strong></span> <span class='ocrx_word' id='word_1_87' title='bbox 1118 1103 1303 1203; x_wconf 84' lang='lat' dir='ltr'><strong>editi,</strong></span> <span class='ocrx_word' id='word_1_88' title='bbox 1362 1102 1490 1168; x_wconf 85' lang='lat' dir='ltr'><strong>cito</strong></span> <span class='ocrx_word' id='word_1_89' title='bbox 1552 1103 1795 1168; x_wconf 87' lang='lat' dir='ltr'><strong>cessuri</strong></span> <span class='ocrx_word' id='word_1_90' title='bbox 1846 1103 2019 1178; x_wconf 88' lang='lat' dir='ltr'><strong>loco</strong></span> <span class='ocrx_word' id='word_1_91' title='bbox 2049 1102 2332 1168; x_wconf 78' lang='lat' dir='ltr'><strong>venienti</strong></span> 
     </span>
     <span class='ocr_line' id='line_1_16' title="bbox 285 1191 2333 1277; baseline 0 -20"><span class='ocrx_word' id='word_1_92' title='bbox 285 1192 357 1257; x_wconf 89' lang='lat' dir='ltr'><strong>in</strong></span> <span class='ocrx_word' id='word_1_93' title='bbox 401 1196 664 1277; x_wconf 87' lang='lat' dir='ltr'><strong>pactum</strong></span> <span class='ocrx_word' id='word_1_94' title='bbox 700 1192 827 1258; x_wconf 90' lang='lat' dir='ltr'><strong>hoc</strong></span> <span class='ocrx_word' id='word_1_95' title='bbox 861 1192 1291 1277; x_wconf 79' lang='lat' dir='ltr'><strong>prospicimus</strong></span> <span class='ocrx_word' id='word_1_96' title='bbox 1328 1191 1700 1277; x_wconf 87' lang='lat' dir='ltr'><strong>hospitium.</strong></span> <span class='ocrx_word' id='word_1_97' title='bbox 1776 1192 1854 1257; x_wconf 88' lang='lat' dir='ltr'><strong>de</strong></span> <span class='ocrx_word' id='word_1_98' title='bbox 1890 1192 2128 1257; x_wconf 83' lang='lat' dir='ltr'><strong>nostris</strong></span> <span class='ocrx_word' id='word_1_99' title='bbox 2166 1196 2333 1257; x_wconf 87' lang='lat' dir='ltr'><strong>aeta-</strong></span> 
     </span>
     <span class='ocr_line' id='line_1_17' title="bbox 285 1280 2333 1366; baseline -0 -20"><span class='ocrx_word' id='word_1_100' title='bbox 285 1281 462 1347; x_wconf 84' lang='lat' dir='ltr'><strong>tibus</strong></span> <span class='ocrx_word' id='word_1_101' title='bbox 509 1282 770 1366; x_wconf 87' lang='lat' dir='ltr'><strong>loquor‚</strong></span> <span class='ocrx_word' id='word_1_102' title='bbox 829 1302 988 1366; x_wconf 89' lang='lat' dir='ltr'><strong>quas</strong></span> <span class='ocrx_word' id='word_1_103' title='bbox 1033 1281 1397 1346; x_wconf 88' lang='lat' dir='ltr'><strong>incredibili</strong></span> <span class='ocrx_word' id='word_1_104' title='bbox 1444 1281 1769 1347; x_wconf 88' lang='lat' dir='ltr'><strong>celeritate</strong></span> <span class='ocrx_word' id='word_1_105' title='bbox 1813 1302 2040 1347; x_wconf 81' lang='lat' dir='ltr'><strong>aevom</strong></span> <span class='ocrx_word' id='word_1_106' title='bbox 2085 1280 2333 1347; x_wconf 78' lang='lat' dir='ltr'><strong>volvit?</strong></span> 
     </span>
     <span class='ocr_line' id='line_1_18' title="bbox 287 1370 2333 1456; baseline -0 -20"><span class='ocrx_word' id='word_1_107' title='bbox 287 1375 572 1456; x_wconf 89' lang='lat' dir='ltr'><strong>conputa</strong></span> <span class='ocrx_word' id='word_1_108' title='bbox 607 1370 866 1436; x_wconf 85' lang='lat' dir='ltr'><strong>urbium</strong></span> <span class='ocrx_word' id='word_1_109' title='bbox 903 1372 1181 1436; x_wconf 85' lang='lat' dir='ltr'><strong>saecula:</strong></span> <span class='ocrx_word' id='word_1_110' title='bbox 1218 1370 1466 1437; x_wconf 86' lang='lat' dir='ltr'><strong>videbis</strong></span> <span class='ocrx_word' id='word_1_111' title='bbox 1506 1392 1701 1454; x_wconf 89' lang='lat' dir='ltr'><strong>quam</strong></span> <span class='ocrx_word' id='word_1_112' title='bbox 1737 1392 1872 1437; x_wconf 92' lang='lat' dir='ltr'><strong>non</strong></span> <span class='ocrx_word' id='word_1_113' title='bbox 1898 1370 2011 1436; x_wconf 91' lang='lat' dir='ltr'><strong>diu</strong></span> <span class='ocrx_word' id='word_1_114' title='bbox 2038 1370 2333 1436; x_wconf 87' lang='lat' dir='ltr'><strong>steterint</strong></span> 
     </span>
     <span class='ocr_line' id='line_1_19' title="bbox 287 1460 2335 1546; baseline 0 -21"><span class='ocrx_word' id='word_1_115' title='bbox 287 1461 483 1525; x_wconf 87' lang='lat' dir='ltr'><strong>etiam</strong></span> <span class='ocrx_word' id='word_1_116' title='bbox 531 1482 696 1546; x_wconf 91' lang='lat' dir='ltr'><strong>quae</strong></span> <span class='ocrx_word' id='word_1_117' title='bbox 741 1464 1062 1526; x_wconf 80' lang='lat' dir='ltr'><strong>vetustate</strong></span> <span class='ocrx_word' id='word_1_118' title='bbox 1100 1460 1478 1546; x_wconf 83' lang='lat' dir='ltr'><strong>gloriantur.</strong></span> <span class='ocrx_word' id='word_1_119' title='bbox 1542 1460 1761 1525; x_wconf 90' lang='lat' dir='ltr'><strong>omnia</strong></span> <span class='ocrx_word' id='word_1_120' title='bbox 1794 1460 2079 1525; x_wconf 90' lang='lat' dir='ltr'><strong>humana</strong></span> <span class='ocrx_word' id='word_1_121' title='bbox 2114 1460 2335 1525; x_wconf 84' lang='lat' dir='ltr'><strong>brevia</strong></span> 
     </span>
     <span class='ocr_line' id='line_1_20' title="bbox 286 1549 2333 1634; baseline -0 -20"><span class='ocrx_word' id='word_1_122' title='bbox 286 1554 355 1614; x_wconf 87' lang='lat' dir='ltr'><strong>et</strong></span> <span class='ocrx_word' id='word_1_123' title='bbox 391 1550 633 1616; x_wconf 89' lang='lat' dir='ltr'><strong>caduca</strong></span> <span class='ocrx_word' id='word_1_124' title='bbox 669 1553 822 1615; x_wconf 90' lang='lat' dir='ltr'><strong>sunt</strong></span> <span class='ocrx_word' id='word_1_125' title='bbox 859 1553 926 1615; x_wconf 89' lang='lat' dir='ltr'><strong>et</strong></span> <span class='ocrx_word' id='word_1_126' title='bbox 961 1550 1202 1615; x_wconf 90' lang='lat' dir='ltr'><strong>infiniti</strong></span> <span class='ocrx_word' id='word_1_127' title='bbox 1236 1549 1547 1634; x_wconf 89' lang='lat' dir='ltr'><strong>temporis</strong></span> <span class='ocrx_word' id='word_1_128' title='bbox 1584 1550 1832 1615; x_wconf 87' lang='lat' dir='ltr'><strong>nullam</strong></span> <span class='ocrx_word' id='word_1_129' title='bbox 1868 1553 2119 1634; x_wconf 85' lang='lat' dir='ltr'><strong>partem</strong></span> <span class='ocrx_word' id='word_1_130' title='bbox 2149 1571 2333 1615; x_wconf 91' lang='lat' dir='ltr'><strong>occu·</strong></span> 
     </span>
     <span class='ocr_line' id='line_1_21' title="bbox 283 1638 2400 1724; baseline 0 -21"><span class='ocrx_word' id='word_1_131' title='bbox 283 1638 526 1723; x_wconf 88' lang='lat' dir='ltr'><strong>pantia.</strong></span> <span class='ocrx_word' id='word_1_132' title='bbox 599 1643 838 1705; x_wconf 89' lang='lat' dir='ltr'><strong>terram</strong></span> <span class='ocrx_word' id='word_1_133' title='bbox 881 1640 1051 1705; x_wconf 86' lang='lat' dir='ltr'><strong>hanc</strong></span> <span class='ocrx_word' id='word_1_134' title='bbox 1097 1661 1244 1704; x_wconf 90' lang='lat' dir='ltr'><strong>cum</strong></span> <span class='ocrx_word' id='word_1_135' title='bbox 1290 1638 1559 1704; x_wconf 87' lang='lat' dir='ltr'><strong>urbibus</strong></span> <span class='ocrx_word' id='word_1_136' title='bbox 1598 1639 1986 1724; x_wconf 89' lang='lat' dir='ltr'><strong>populisque</strong></span> <span class='ocrx_word' id='word_1_137' title='bbox 2023 1643 2089 1704; x_wconf 90' lang='lat' dir='ltr'><strong>et</strong></span> <span class='ocrx_word' id='word_1_138' title='bbox 2124 1639 2333 1703; x_wconf 89' lang='lat' dir='ltr'><strong>flumi·</strong></span> <span class='ocrx_word' id='word_1_139' title='bbox 2368 1656 2400 1704; x_wconf 82' lang='lat'>2</span> 
     </span>
     <span class='ocr_line' id='line_1_22' title="bbox 284 1728 2343 1813; baseline 0 -20"><span class='ocrx_word' id='word_1_140' title='bbox 284 1729 480 1795; x_wconf 87' lang='lat' dir='ltr'><strong>nibus</strong></span> <span class='ocrx_word' id='word_1_141' title='bbox 517 1732 583 1795; x_wconf 87' lang='lat' dir='ltr'><strong>et</strong></span> <span class='ocrx_word' id='word_1_142' title='bbox 618 1728 868 1793; x_wconf 89' lang='lat' dir='ltr'><strong>ambitu</strong></span> <span class='ocrx_word' id='word_1_143' title='bbox 903 1728 1099 1793; x_wconf 89' lang='lat' dir='ltr'><strong>maris</strong></span> <span class='ocrx_word' id='word_1_144' title='bbox 1136 1729 1365 1813; x_wconf 89' lang='lat' dir='ltr'><strong>puncti</strong></span> <span class='ocrx_word' id='word_1_145' title='bbox 1399 1729 1545 1795; x_wconf 90' lang='lat' dir='ltr'><strong>loco</strong></span> <span class='ocrx_word' id='word_1_146' title='bbox 1582 1728 1884 1813; x_wconf 87' lang='lat' dir='ltr'><strong>ponimus</strong></span> <span class='ocrx_word' id='word_1_147' title='bbox 1922 1729 2003 1793; x_wconf 89' lang='lat' dir='ltr'><strong>ad</strong></span> <span class='ocrx_word' id='word_1_148' title='bbox 2034 1729 2343 1794; x_wconf 85' lang='lat' dir='ltr'><strong>universa</strong></span> 
     </span>
     <span class='ocr_line' id='line_1_23' title="bbox 282 1816 2335 1905; baseline -0 -21"><span class='ocrx_word' id='word_1_149' title='bbox 282 1816 660 1885; x_wconf 88' lang='lat' dir='ltr'><strong>referentes.</strong></span> <span class='ocrx_word' id='word_1_150' title='bbox 689 1819 1005 1885; x_wconf 88' lang='lat' dir='ltr'><strong>minorem</strong></span> <span class='ocrx_word' id='word_1_151' title='bbox 1033 1820 1402 1904; x_wconf 91' lang='lat' dir='ltr'><strong>portionem</strong></span> <span class='ocrx_word' id='word_1_152' title='bbox 1430 1823 1605 1884; x_wconf 88' lang='lat' dir='ltr'><strong>aetas</strong></span> <span class='ocrx_word' id='word_1_153' title='bbox 1634 1822 1857 1886; x_wconf 88' lang='lat' dir='ltr'><strong>nostra</strong></span> <span class='ocrx_word' id='word_1_154' title='bbox 1885 1840 2080 1904; x_wconf 89' lang='lat' dir='ltr'><strong>quam</strong></span> <span class='ocrx_word' id='word_1_155' title='bbox 2107 1819 2335 1905; x_wconf 88' lang='lat' dir='ltr'><strong>puncti</strong></span> 
     </span>
     <span class='ocr_line' id='line_1_24' title="bbox 284 1908 2335 1994; baseline 0 -21"><span class='ocrx_word' id='word_1_156' title='bbox 284 1908 511 1992; x_wconf 88' lang='lat' dir='ltr'><strong>habet,</strong></span> <span class='ocrx_word' id='word_1_157' title='bbox 566 1909 622 1972; x_wconf 89' lang='lat' dir='ltr'><strong>si</strong></span> <span class='ocrx_word' id='word_1_158' title='bbox 677 1909 856 1974; x_wconf 90' lang='lat' dir='ltr'><strong>omni</strong></span> <span class='ocrx_word' id='word_1_159' title='bbox 909 1910 1189 1994; x_wconf 90' lang='lat' dir='ltr'><strong>tempori</strong></span> <span class='ocrx_word' id='word_1_160' title='bbox 1245 1912 1682 1993; x_wconf 80' lang='lat' dir='ltr'><strong>comparetur,</strong></span> <span class='ocrx_word' id='word_1_161' title='bbox 1742 1908 1922 1974; x_wconf 86' lang='lat' dir='ltr'><strong>cuius</strong></span> <span class='ocrx_word' id='word_1_162' title='bbox 1977 1909 2186 1975; x_wconf 90' lang='lat' dir='ltr'><strong>maior</strong></span> <span class='ocrx_word' id='word_1_163' title='bbox 2236 1913 2335 1974; x_wconf 84' lang='lat' dir='ltr'><strong>est</strong></span> 
     </span>
     <span class='ocr_line' id='line_1_25' title="bbox 285 1997 2332 2083; baseline -0 -20"><span class='ocrx_word' id='word_1_164' title='bbox 285 2018 590 2064; x_wconf 88' lang='lat' dir='ltr'><strong>mensura</strong></span> <span class='ocrx_word' id='word_1_165' title='bbox 635 2020 830 2083; x_wconf 89' lang='lat' dir='ltr'><strong>quam</strong></span> <span class='ocrx_word' id='word_1_166' title='bbox 877 1997 1130 2080; x_wconf 90' lang='lat' dir='ltr'><strong>mundi,</strong></span> <span class='ocrx_word' id='word_1_167' title='bbox 1185 2000 1415 2083; x_wconf 86' lang='lat' dir='ltr'><strong>utpote</strong></span> <span class='ocrx_word' id='word_1_168' title='bbox 1459 2018 1609 2062; x_wconf 89' lang='lat' dir='ltr'><strong>eum</strong></span> <span class='ocrx_word' id='word_1_169' title='bbox 1654 1999 1765 2064; x_wconf 90' lang='lat' dir='ltr'><strong>ille</strong></span> <span class='ocrx_word' id='word_1_170' title='bbox 1811 2019 1881 2063; x_wconf 89' lang='lat' dir='ltr'><strong>se</strong></span> <span class='ocrx_word' id='word_1_171' title='bbox 1926 1997 2097 2063; x_wconf 88' lang='lat' dir='ltr'><strong>intra</strong></span> <span class='ocrx_word' id='word_1_172' title='bbox 2139 1997 2332 2063; x_wconf 87' lang='lat' dir='ltr'><strong>huius</strong></span> 
     </span>
     <span class='ocr_line' id='line_1_26' title="bbox 285 2087 2334 2174; baseline -0 -21"><span class='ocrx_word' id='word_1_173' title='bbox 285 2087 572 2170; x_wconf 88' lang='lat' dir='ltr'><strong>spatium</strong></span> <span class='ocrx_word' id='word_1_174' title='bbox 626 2088 865 2153; x_wconf 82' lang='lat' dir='ltr'><strong>totiens</strong></span> <span class='ocrx_word' id='word_1_175' title='bbox 919 2087 1323 2152; x_wconf 87' lang='lat' dir='ltr'><strong>remetiatur:</strong></span> <span class='ocrx_word' id='word_1_176' title='bbox 1382 2087 1537 2172; x_wconf 89' lang='lat' dir='ltr'><strong>quid</strong></span> <span class='ocrx_word' id='word_1_177' title='bbox 1592 2109 1746 2174; x_wconf 87' lang='lat' dir='ltr'><strong>ergo</strong></span> <span class='ocrx_word' id='word_1_178' title='bbox 1802 2087 2071 2152; x_wconf 87' lang='lat' dir='ltr'><strong>interest</strong></span> <span class='ocrx_word' id='word_1_179' title='bbox 2114 2087 2182 2152; x_wconf 93' lang='lat' dir='ltr'><strong>id</strong></span> <span class='ocrx_word' id='word_1_180' title='bbox 2227 2109 2334 2154; x_wconf 88' lang='lat' dir='ltr'><strong>ex-</strong></span> 
     </span>
     <span class='ocr_line' id='line_1_27' title="bbox 283 2175 2335 2261; baseline 0 -20"><span class='ocrx_word' id='word_1_181' title='bbox 283 2175 577 2260; x_wconf 88' lang='lat' dir='ltr'><strong>tendere,</strong></span> <span class='ocrx_word' id='word_1_182' title='bbox 612 2177 794 2242; x_wconf 89' lang='lat' dir='ltr'><strong>cuius</strong></span> <span class='ocrx_word' id='word_1_183' title='bbox 833 2180 1428 2261; x_wconf 86' lang='lat' dir='ltr'><strong>quantumcumque</strong></span> <span class='ocrx_word' id='word_1_184' title='bbox 1464 2176 1660 2242; x_wconf 88' lang='lat' dir='ltr'><strong>fuerit</strong></span> <span class='ocrx_word' id='word_1_185' title='bbox 1695 2178 2163 2243; x_wconf 87' lang='lat' dir='ltr'><strong>incrementum</strong></span> <span class='ocrx_word' id='word_1_186' title='bbox 2200 2199 2335 2242; x_wconf 91' lang='lat' dir='ltr'><strong>non</strong></span> 
     </span>
     <span class='ocr_line' id='line_1_28' title="bbox 284 2265 2333 2352; baseline 0.001 -22"><span class='ocrx_word' id='word_1_187' title='bbox 284 2266 568 2332; x_wconf 85' lang='lat' dir='ltr'><strong>multum</strong></span> <span class='ocrx_word' id='word_1_188' title='bbox 615 2265 820 2332; x_wconf 86' lang='lat' dir='ltr'><strong>aberit</strong></span> <span class='ocrx_word' id='word_1_189' title='bbox 865 2289 904 2330; x_wconf 91' lang='lat' dir='ltr'><strong>a</strong></span> <span class='ocrx_word' id='word_1_190' title='bbox 949 2265 1200 2331; x_wconf 80' lang='lat' dir='ltr'><strong>nihilo?</strong></span> <span class='ocrx_word' id='word_1_191' title='bbox 1272 2288 1403 2331; x_wconf 92' lang='lat' dir='ltr'><strong>uno</strong></span> <span class='ocrx_word' id='word_1_192' title='bbox 1451 2266 1645 2333; x_wconf 90' lang='lat' dir='ltr'><strong>modo</strong></span> <span class='ocrx_word' id='word_1_193' title='bbox 1692 2268 1972 2332; x_wconf 89' lang='lat' dir='ltr'><strong>multum</strong></span> <span class='ocrx_word' id='word_1_194' title='bbox 2019 2270 2119 2332; x_wconf 88' lang='lat' dir='ltr'><strong>est</strong></span> <span class='ocrx_word' id='word_1_195' title='bbox 2160 2267 2333 2352; x_wconf 88' lang='lat' dir='ltr'><strong>quod</strong></span> 
     </span>
     <span class='ocr_line' id='line_1_29' title="bbox 285 2355 2402 2439; baseline 0 -20"><span class='ocrx_word' id='word_1_196' title='bbox 285 2355 595 2439; x_wconf 76' lang='lat' dir='ltr'><strong>vivimus,</strong></span> <span class='ocrx_word' id='word_1_197' title='bbox 648 2356 704 2421; x_wconf 91' lang='lat' dir='ltr'><strong>si</strong></span> <span class='ocrx_word' id='word_1_198' title='bbox 749 2357 906 2420; x_wconf 89' lang='lat' dir='ltr'><strong>satis</strong></span> <span class='ocrx_word' id='word_1_199' title='bbox 951 2359 1066 2420; x_wconf 91' lang='lat' dir='ltr'><strong>est.</strong></span> <span class='ocrx_word' id='word_1_200' title='bbox 1161 2355 1318 2420; x_wconf 89' lang='lat' dir='ltr'><strong>licet</strong></span> <span class='ocrx_word' id='word_1_201' title='bbox 1360 2355 1523 2420; x_wconf 88' lang='lat' dir='ltr'><strong>mihi</strong></span> <span class='ocrx_word' id='word_1_202' title='bbox 1568 2356 1822 2422; x_wconf 76' lang='lat' dir='ltr'><strong>vivaces</strong></span> <span class='ocrx_word' id='word_1_203' title='bbox 1868 2359 1936 2421; x_wconf 88' lang='lat' dir='ltr'><strong>et</strong></span> <span class='ocrx_word' id='word_1_204' title='bbox 1979 2357 2049 2421; x_wconf 93' lang='lat' dir='ltr'><strong>in</strong></span> <span class='ocrx_word' id='word_1_205' title='bbox 2092 2378 2334 2422; x_wconf 90' lang='lat' dir='ltr'><strong>memo-</strong></span> <span class='ocrx_word' id='word_1_206' title='bbox 2369 2371 2402 2420; x_wconf 77' lang='grc'>3</span> 
     </span>
     <span class='ocr_line' id='line_1_30' title="bbox 283 2443 2333 2529; baseline 0.001 -21"><span class='ocrx_word' id='word_1_207' title='bbox 283 2445 463 2509; x_wconf 89' lang='lat' dir='ltr'><strong>riam.</strong></span> <span class='ocrx_word' id='word_1_208' title='bbox 494 2443 768 2510; x_wconf 77' lang='lat' dir='ltr'><strong>traditae</strong></span> <span class='ocrx_word' id='word_1_209' title='bbox 803 2443 1151 2511; x_wconf 86' lang='lat' dir='ltr'><strong>senectutis</strong></span> <span class='ocrx_word' id='word_1_210' title='bbox 1187 2445 1362 2510; x_wconf 82' lang='lat' dir='ltr'><strong>viros</strong></span> <span class='ocrx_word' id='word_1_211' title='bbox 1399 2446 1723 2529; x_wconf 84' lang='lat' dir='ltr'><strong>nomines,</strong></span> <span class='ocrx_word' id='word_1_212' title='bbox 1766 2449 2070 2511; x_wconf 88' lang='lat' dir='ltr'><strong>centenos</strong></span> <span class='ocrx_word' id='word_1_213' title='bbox 2108 2445 2333 2512; x_wconf 87' lang='lat' dir='ltr'><strong>denos-</strong></span> 
     </span>
    </p>
   </div>
   <div class='ocr_carea' id='block_1_6' title="bbox 282 2583 2341 3515">
    <p class='ocr_par' dir='ltr' id='par_1_7' title="bbox 282 2583 2341 3515">
     <span class='ocr_line' id='line_1_31' title="bbox 467 2583 2331 2654; baseline 0.001 -15"><span class='ocrx_word' id='word_1_214' title='bbox 467 2584 505 2638; x_wconf 76' lang='lat'><strong>6</strong></span> <span class='ocrx_word' id='word_1_215' title='bbox 537 2583 626 2638; x_wconf 90' lang='lat' dir='ltr'><strong>illi</strong></span> <span class='ocrx_word' id='word_1_216' title='bbox 652 2583 782 2640; x_wconf 85' lang='lat' dir='ltr'><strong>AF</strong></span> <span class='ocrx_word' id='word_1_217' title='bbox 811 2584 959 2653; x_wconf 75' lang='lat' dir='ltr'><strong>quod</strong></span> <span class='ocrx_word' id='word_1_218' title='bbox 992 2590 1134 2640; x_wconf 80' lang='lat' dir='ltr'><strong>recte</strong></span> <span class='ocrx_word' id='word_1_219' title='bbox 1169 2584 1418 2652; x_wconf 76' lang='lat' dir='ltr'><strong>defendit</strong></span> <span class='ocrx_word' id='word_1_220' title='bbox 1448 2585 1573 2641; x_wconf 77' lang='lat' dir='ltr'><strong>Joh</strong></span> <span class='ocrx_word' id='word_1_221' title='bbox 1606 2586 1817 2640; x_wconf 65' lang='lat' dir='ltr'><strong>Muller</strong></span> <span class='ocrx_word' id='word_1_222' title='bbox 1848 2585 1973 2654; x_wconf 75' lang='grc'><strong>,(8.-</strong></span> <span class='ocrx_word' id='word_1_223' title='bbox 1984 2586 2113 2640; x_wconf 80' lang='lat' dir='ltr'><strong>Ber.</strong></span> <span class='ocrx_word' id='word_1_224' title='bbox 2154 2586 2331 2642; x_wconf 71' lang='lat' dir='ltr'><strong>Wien.</strong></span> 
     </span>
     <span class='ocr_line' id='line_1_32' title="bbox 284 2654 2333 2728; baseline 0 -17"><span class='ocrx_word' id='word_1_225' title='bbox 284 2655 471 2711; x_wconf 77' lang='lat' dir='ltr'><strong>Akad.</strong></span> <span class='ocrx_word' id='word_1_226' title='bbox 494 2659 636 2710; x_wconf 86' lang='grc'><strong><em>1889</em></strong></span> <span class='ocrx_word' id='word_1_227' title='bbox 651 2672 713 2724; x_wconf 97' lang='grc' dir='ltr'><strong>Ρ.</strong></span> <span class='ocrx_word' id='word_1_228' title='bbox 735 2659 806 2718; x_wconf 93' lang='grc'><strong>12</strong></span> <span class='ocrx_word' id='word_1_229' title='bbox 819 2655 972 2724; x_wconf 82' lang='lat' dir='ltr'><strong>adn.)</strong></span> <span class='ocrx_word' id='word_1_230' title='bbox 1007 2654 1227 2711; x_wconf 86' lang='lat' dir='ltr'><strong>Metilio</strong></span> <span class='ocrx_word' id='word_1_231' title='bbox 1256 2657 1571 2712; x_wconf 74' lang='lat' dir='ltr'><strong>Pincianus</strong></span> <span class='ocrx_word' id='word_1_232' title='bbox 1596 2656 1713 2711; x_wconf 89' lang='lat' dir='ltr'><strong>filio</strong></span> <span class='ocrx_word' id='word_1_233' title='bbox 1740 2657 1975 2726; x_wconf 75' lang='lat' dir='ltr'><strong>Lipsius</strong></span> <span class='ocrx_word' id='word_1_234' title='bbox 2005 2657 2025 2728; x_wconf 66' lang='grc'>1</span> <span class='ocrx_word' id='word_1_235' title='bbox 2045 2658 2333 2712; x_wconf 82' lang='lat' dir='ltr'><strong>maturata</strong></span> 
     </span>
     <span class='ocr_line' id='line_1_33' title="bbox 285 2725 2334 2798; baseline 0.001 -17"><span class='ocrx_word' id='word_1_236' title='bbox 285 2743 440 2781; x_wconf 88' lang='lat' dir='ltr'><strong>mors</strong></span> <span class='ocrx_word' id='word_1_237' title='bbox 459 2725 625 2782; x_wconf 77' lang='lat' dir='ltr'><strong>Gertz</strong></span> <span class='ocrx_word' id='word_1_238' title='bbox 649 2725 671 2798; x_wconf 81' lang='grc' dir='ltr'><strong>ΙΙ</strong></span> <span class='ocrx_word' id='word_1_239' title='bbox 696 2726 821 2796; x_wconf 67' lang='lat'><strong>884.</strong></span> <span class='ocrx_word' id='word_1_240' title='bbox 851 2727 1029 2782; x_wconf 76' lang='lat' dir='ltr'><strong>locum</strong></span> <span class='ocrx_word' id='word_1_241' title='bbox 1055 2729 1406 2796; x_wconf 62' lang='lat' dir='ltr'><strong>intmpmaxit</strong></span> <span class='ocrx_word' id='word_1_242' title='bbox 1431 2735 1483 2783; x_wconf 85' lang='lat' dir='ltr'><strong>et</strong></span> <span class='ocrx_word' id='word_1_243' title='bbox 1508 2730 1795 2784; x_wconf 75' lang='lat' dir='ltr'><strong>enarravit</strong></span> <span class='ocrx_word' id='word_1_244' title='bbox 1815 2727 1978 2784; x_wconf 77' lang='lat' dir='ltr'><strong>Gertz</strong></span> <span class='ocrx_word' id='word_1_245' title='bbox 2003 2733 2067 2783; x_wconf 83' lang='lat' dir='ltr'><strong>st.</strong></span> <span class='ocrx_word' id='word_1_246' title='bbox 2090 2731 2209 2784; x_wconf 79' lang='lat' dir='ltr'><strong>crit.</strong></span> <span class='ocrx_word' id='word_1_247' title='bbox 2228 2733 2334 2784; x_wconf 86' lang='grc'><strong>118</strong></span> 
     </span>
     <span class='ocr_line' id='line_1_34' title="bbox 284 2796 2335 2952; baseline 0.001 -28"><span class='ocrx_word' id='word_1_248' title='bbox 284 2796 2335 2952; x_wconf 53' lang='lat' dir='ltr'><strong>Pmfflffi?‘²¹12²m3&gt;m93w²53m22sszn¹01¹33220&lt;22¹⁵3¹²212&gt;m212¹2</strong></span> 
     </span>
     <span class='ocr_line' id='line_1_35' title="bbox 282 2941 2332 3021; baseline 0.001 -27"><span class='ocrx_word' id='word_1_249' title='bbox 282 2941 681 3021; x_wconf 72' lang='lat' dir='ltr'><strong>interpretatus</strong></span> <span class='ocrx_word' id='word_1_250' title='bbox 733 2947 812 2994; x_wconf 75' lang='lat' dir='ltr'><strong>est</strong></span> <span class='ocrx_word' id='word_1_251' title='bbox 865 2941 1012 2996; x_wconf 69' lang='lat' dir='ltr'><strong>Phil.</strong></span> <span class='ocrx_word' id='word_1_252' title='bbox 1055 2942 1327 3011; x_wconf 75' lang='lat' dir='ltr'><strong>Anzeiqer</strong></span> <span class='ocrx_word' id='word_1_253' title='bbox 1364 2943 1426 2996; x_wconf 90' lang='lat' dir='ltr'>X</span> <span class='ocrx_word' id='word_1_254' title='bbox 1438 2942 1560 2996; x_wconf 92' lang='lat' dir='ltr'><strong>VII</strong></span> <span class='ocrx_word' id='word_1_255' title='bbox 1598 2959 1659 3011; x_wconf 92' lang='grc' dir='ltr'><strong>Ρ.</strong></span> <span class='ocrx_word' id='word_1_256' title='bbox 1696 2945 1824 3008; x_wconf 84' lang='grc'><strong><em>297,</em></strong></span> <span class='ocrx_word' id='word_1_257' title='bbox 1877 2942 1974 2996; x_wconf 81' lang='lat' dir='ltr'><strong>sed</strong></span> <span class='ocrx_word' id='word_1_258' title='bbox 2021 2944 2193 2998; x_wconf 80' lang='lat' dir='ltr'><strong>miror</strong></span> <span class='ocrx_word' id='word_1_259' title='bbox 2242 2944 2332 2998; x_wconf 87' lang='lat' dir='ltr'><strong>ob-</strong></span> 
     </span>
     <span class='ocr_line' id='line_1_36' title="bbox 283 3011 2331 3098; baseline 0.001 -32"><span class='ocrx_word' id='word_1_260' title='bbox 283 3011 604 3066; x_wconf 62' lang='lat' dir='ltr'><strong>seur-itatem</strong></span> <span class='ocrx_word' id='word_1_261' title='bbox 639 3011 922 3066; x_wconf 76' lang='lat' dir='ltr'><strong>verborum</strong></span> <span class='ocrx_word' id='word_1_262' title='bbox 958 3012 1019 3065; x_wconf 88' lang='lat' dir='ltr'><strong>in</strong></span> <span class='ocrx_word' id='word_1_263' title='bbox 1046 3013 1279 3080; x_wconf 84' lang='lat' dir='ltr'><strong>paetum</strong></span> <span class='ocrx_word' id='word_1_264' title='bbox 1306 3012 1364 3068; x_wconf 99' lang='lat' dir='ltr'><strong><em>A</em></strong></span> <span class='ocrx_word' id='word_1_265' title='bbox 1400 3014 1732 3082; x_wconf 86' lang='lat' dir='ltr'><strong>inpacatum</strong></span> <span class='ocrx_word' id='word_1_266' title='bbox 1760 3013 1999 3082; x_wconf 80' lang='lat' dir='ltr'><strong>Madviy</strong></span> <span class='ocrx_word' id='word_1_267' title='bbox 2039 3014 2331 3098; x_wconf 87' lang='lat' dir='ltr'><strong>inpactum</strong></span> 
     </span>
     <span class='ocr_line' id='line_1_37' title="bbox 289 3081 2333 3166; baseline 0.002 -30"><span class='ocrx_word' id='word_1_268' title='bbox 289 3081 456 3136; x_wconf 82' lang='lat' dir='ltr'><strong>Gertz</strong></span> <span class='ocrx_word' id='word_1_269' title='bbox 492 3081 554 3135; x_wconf 91' lang='lat' dir='ltr'><strong>in</strong></span> <span class='ocrx_word' id='word_1_270' title='bbox 589 3083 836 3166; x_wconf 77' lang='lat' dir='ltr'><strong>partem</strong></span> <span class='ocrx_word' id='word_1_271' title='bbox 872 3085 1100 3137; x_wconf 87' lang='lat' dir='ltr'><strong>tantum</strong></span> <span class='ocrx_word' id='word_1_272' title='bbox 1127 3084 1195 3137; x_wconf 90' lang='lat' dir='ltr'><strong>P.</strong></span> <span class='ocrx_word' id='word_1_273' title='bbox 1221 3085 1459 3140; x_wconf 68' lang='lat' dir='ltr'><strong>Thomas</strong></span> <span class='ocrx_word' id='word_1_274' title='bbox 1493 3084 1555 3138; x_wconf 91' lang='lat' dir='ltr'><strong>in</strong></span> <span class='ocrx_word' id='word_1_275' title='bbox 1590 3085 1941 3154; x_wconf 85' lang='lat' dir='ltr'><strong>impacatum</strong></span> <span class='ocrx_word' id='word_1_276' title='bbox 1979 3085 2083 3154; x_wconf 84' lang='lat' dir='ltr'><strong>&lt;vel</strong></span> <span class='ocrx_word' id='word_1_277' title='bbox 2116 3085 2180 3139; x_wconf 88' lang='grc' dir='ltr'><strong>ιιι</strong></span> <span class='ocrx_word' id='word_1_278' title='bbox 2211 3101 2333 3140; x_wconf 84' lang='lat' dir='ltr'><strong>arc-</strong></span> 
     </span>
     <span class='ocr_line' id='line_1_38' title="bbox 283 3151 2333 3228; baseline 0.002 -21"><span class='ocrx_word' id='word_1_279' title='bbox 283 3153 433 3222; x_wconf 85' lang='lat' dir='ltr'><strong>tum)</strong></span> <span class='ocrx_word' id='word_1_280' title='bbox 482 3152 591 3208; x_wconf 90' lang='lat' dir='ltr'><strong>hoc</strong></span> <span class='ocrx_word' id='word_1_281' title='bbox 635 3151 942 3224; x_wconf 87' lang='lat' dir='ltr'><strong>proicimur</strong></span> <span class='ocrx_word' id='word_1_282' title='bbox 976 3154 1032 3209; x_wconf 91' lang='lat' dir='ltr'><strong>h.</strong></span> <span class='ocrx_word' id='word_1_283' title='bbox 1072 3155 1266 3210; x_wconf 79' lang='lat' dir='ltr'><strong>Nieme</strong></span> <span class='ocrx_word' id='word_1_284' title='bbox 1265 3172 1364 3226; x_wconf 62' lang='grc' dir='ltr'><strong>μοι·</strong></span> <span class='ocrx_word' id='word_1_285' title='bbox 1396 3155 1417 3228; x_wconf 87' lang='grc' dir='ltr'><strong>ΙΙ</strong></span> <span class='ocrx_word' id='word_1_286' title='bbox 1461 3155 1533 3211; x_wconf 79' lang='grc'><strong>13</strong></span> <span class='ocrx_word' id='word_1_287' title='bbox 1579 3154 1870 3210; x_wconf 85' lang='lat' dir='ltr'><strong>celeritate</strong></span> <span class='ocrx_word' id='word_1_288' title='bbox 1918 3171 2113 3211; x_wconf 84' lang='lat' dir='ltr'><strong>aevom</strong></span> <span class='ocrx_word' id='word_1_289' title='bbox 2159 3155 2333 3212; x_wconf 85' lang='lat' dir='ltr'><strong>volvit</strong></span> 
     </span>
     <span class='ocr_line' id='line_1_39' title="bbox 284 3173 2341 3296; baseline 0.003 -17"><span class='ocrx_word' id='word_1_290' title='bbox 284 3224 612 3296; x_wconf 71' lang='lat' dir='ltr'><strong>Petscheniy</strong></span> <span class='ocrx_word' id='word_1_291' title='bbox 648 3224 940 3281; x_wconf 85' lang='lat' dir='ltr'><strong>celeritate</strong></span> <span class='ocrx_word' id='word_1_292' title='bbox 977 3173 1305 3281; x_wconf 64' lang='lat' dir='ltr'><strong>conuoluity</strong></span> <span class='ocrx_word' id='word_1_293' title='bbox 1293 3228 1351 3284; x_wconf 88' lang='lat' dir='ltr'><strong><em>A</em></strong></span> <span class='ocrx_word' id='word_1_294' title='bbox 1387 3227 1679 3283; x_wconf 87' lang='lat' dir='ltr'><strong>eeleritate</strong></span> <span class='ocrx_word' id='word_1_295' title='bbox 1717 3227 1980 3282; x_wconf 86' lang='lat' dir='ltr'><strong>conuolui</strong></span> <span class='ocrx_word' id='word_1_296' title='bbox 2016 3231 2241 3284; x_wconf 84' lang='lat' dir='ltr'><strong>constat</strong></span> <span class='ocrx_word' id='word_1_297' title='bbox 2276 3231 2341 3286; x_wconf 85' lang='lat' dir='ltr'><strong><em>F</em></strong></span> 
     </span>
     <span class='ocr_line' id='line_1_40' title="bbox 286 3294 2330 3372; baseline 0.004 -22"><span class='ocrx_word' id='word_1_298' title='bbox 286 3294 393 3352; x_wconf 84' lang='lat' dir='ltr'><strong>ecl.</strong></span> <span class='ocrx_word' id='word_1_299' title='bbox 425 3299 649 3352; x_wconf 82' lang='lat' dir='ltr'><strong>constat</strong></span> <span class='ocrx_word' id='word_1_300' title='bbox 684 3297 831 3352; x_wconf 82' lang='lat' dir='ltr'><strong>volvi</strong></span> <span class='ocrx_word' id='word_1_301' title='bbox 867 3297 1030 3353; x_wconf 78' lang='lat' dir='ltr'><strong>Gertz</strong></span> <span class='ocrx_word' id='word_1_302' title='bbox 1064 3297 1086 3370; x_wconf 82' lang='grc' dir='ltr'>Η</span> <span class='ocrx_word' id='word_1_303' title='bbox 1120 3297 1192 3352; x_wconf 83' lang='lat'><strong>20</strong></span> <span class='ocrx_word' id='word_1_304' title='bbox 1227 3301 1384 3368; x_wconf 90' lang='lat' dir='ltr'><strong>temp</strong></span> <span class='ocrx_word' id='word_1_305' title='bbox 1386 3315 1483 3355; x_wconf 89' lang='lat' dir='ltr'><strong>ore</strong></span> <span class='ocrx_word' id='word_1_306' title='bbox 1510 3302 1566 3356; x_wconf 94' lang='lat' dir='ltr'><strong><em>A</em></strong></span> <span class='ocrx_word' id='word_1_307' title='bbox 1602 3299 1623 3372; x_wconf 86' lang='grc' dir='ltr'><strong>ΙΙ</strong></span> <span class='ocrx_word' id='word_1_308' title='bbox 1657 3299 1726 3355; x_wconf 83' lang='lat'><strong>21</strong></span> <span class='ocrx_word' id='word_1_309' title='bbox 1763 3299 1853 3354; x_wconf 84' lang='lat' dir='ltr'><strong>illi</strong></span> <span class='ocrx_word' id='word_1_310' title='bbox 1880 3301 1935 3355; x_wconf 88' lang='lat' dir='ltr'><strong><em>A</em></strong></span> <span class='ocrx_word' id='word_1_311' title='bbox 1973 3300 2075 3354; x_wconf 90' lang='lat' dir='ltr'><strong>illa</strong></span> <span class='ocrx_word' id='word_1_312' title='bbox 2102 3303 2164 3357; x_wconf 83' lang='lat' dir='ltr'><em>F</em></span> <span class='ocrx_word' id='word_1_313' title='bbox 2192 3318 2330 3359; x_wconf 81' lang='lat' dir='ltr'><strong>corr.</strong></span> 
     </span>
     <span class='ocr_line' id='line_1_41' title="bbox 283 3367 2333 3515; baseline 0.003 -21"><span class='ocrx_word' id='word_1_314' title='bbox 283 3367 427 3493; x_wconf 69' lang='lat'><strong>{⁰²⁹</strong></span> <span class='ocrx_word' id='word_1_315' title='bbox 397 3367 1092 3510; x_wconf 49' lang='lat' dir='ltr'><strong>¹t1²²n³22132532ffi¹1²22323</strong></span> <span class='ocrx_word' id='word_1_316' title='bbox 1113 3371 1589 3500; x_wconf 44' lang='lat' dir='ltr'><strong>timum</strong></span> <span class='ocrx_word' id='word_1_317' title='bbox 1603 3370 1753 3515; x_wconf 43' lang='lat' dir='ltr'><strong>²15¹}ss</strong></span> <span class='ocrx_word' id='word_1_318' title='bbox 1776 3373 2288 3500; x_wconf 51' lang='lat' dir='ltr'><strong>{ffminnffiffm</strong></span> <span class='ocrx_word' id='word_1_319' title='bbox 2312 3374 2333 3446; x_wconf 83' lang='lat'><strong>&#39;¹</strong></span> 
     </span>
    </p>
   </div>
  </div>
 </body>
</html>
