2544 3746
263 98 394 165 228
639 94 700 149 L.
728 93 1014 149 ANNAEI
1051 92 1385 149 SENECAE
1421 93 1611 148 DIAL.
1640 92 1777 148 LIB.
1806 82 1924 148 vn.

191 261 226 308 6
265 242 383 327 ibi,
435 240 549 307 ubi
591 262 822 307 nocere
865 262 1001 306 non
1045 241 1278 326 potuit.
1368 241 1463 306 sic
1506 244 1752 305 vestras
1795 237 2307 306 halucinationes

264 331 403 397 fero
451 330 990 414 quemadmodum
1028 327 1319 414 luppiter
1356 328 1640 414 optimus
1678 330 1998 395 maximus
2033 328 2309 413 ineptias

265 422 601 505 poetarum
610 467 630 504 ,
666 440 944 505 quorum
981 419 1147 485 alius
1185 418 1285 483 illi
1320 418 1453 485 alas
1490 418 1809 504 inposuit,
1847 418 2013 484 alius
2050 439 2309 501 cornua,

268 508 432 574 alius
492 508 858 574 adulterum
917 508 1105 573 illum
1165 508 1423 574 induxit
1484 512 1550 573 et
1603 509 2082 591 abnoctantem,
2146 508 2311 583 alius

268 619 529 664 saevom
572 597 644 663 in
687 598 871 683 deos,
925 597 1090 663 alius
1135 597 1431 682 iniquom
1476 598 1547 662 in
1588 596 1912 681 homines,
1957 596 2122 664 alius
2168 618 2313 681 rap·
2374 616 2403 658 s

267 692 474 753 torem
520 686 950 773 ingenuorum
987 691 1053 753 et
1097 692 1522 773 cognatorum
1569 687 1856 772 quidem,
1903 686 2068 752 alius
2114 686 2315 770 parri-

267 775 478 842 cidam
523 779 591 841 et
623 775 809 863 regni
844 777 1040 843 alieni
1075 778 1457 861 paternique
1494 776 2032 862 expugnatorem:
2078 775 2314 859 quibus

265 864 434 931 nihil
478 865 656 931 aliud
701 869 918 935 actum
962 870 1088 949 est,
1133 888 1331 950 quam
1375 870 1450 932 ut
1493 866 1706 951 pudor
1748 865 2123 934 hominibus
2169 885 2316 950 peo-

195 972 229 1019 ‘1
269 954 458 1023 candi
502 955 888 1039 demeretur,
934 956 993 1022 si
1035 956 1198 1023 tales
1240 955 1396 1022 deos
1436 955 1871 1022 credidissent.
1946 954 2059 1021 sed
2093 976 2317 1038 >quam-

270 1066 465 1129 quam
517 1045 646 1110 ista
699 1066 802 1111 me
846 1044 1014 1110 nihil
1056 1044 1344 1130 laedant,
1401 1048 1615 1111 vestra
1657 1048 1875 1111 tamen
1920 1066 2035 1110 vos
2082 1064 2315 1135 moneo
2354 1064 2407 1103 ιο

269 1131 488 1199 causa:
551 1133 859 1220 suspicite
920 1134 1251 1219 virtutem,
1317 1133 1557 1201 credite
1619 1135 1728 1217 iis,
1791 1133 1905 1218 qui
1961 1133 2145 1199 illam
2174 1132 2319 1197 'diu

231 1289 237 1295 ,
270 1224 477 1289 secuti
529 1246 840 1310 magnum
895 1223 1201 1309 quiddam
1254 1225 1433 1309 ipsos
1480 1228 1547 1289 et
1591 1224 1766 1308 quod
1810 1224 1881 1288 in
1924 1222 2061 1288 dies
2107 1220 2319 1287 maius

205 1398 208 1401 ἦ
269 1317 578 1399 appareat
612 1314 796 1399 sequi
831 1314 1138 1398 clamant,
1175 1317 1242 1379 et
1279 1316 1487 1399 ipsam
1522 1316 1599 1378 ut
1634 1312 1787 1379 deos
1816 1333 1893 1403 ac
1919 1312 2318 1398 professores

271 1403 410 1468 eius
464 1407 540 1467 ut
600 1404 921 1469 antistites
968 1404 1162 1470 colite
1209 1407 1301 1489 et,
1357 1404 1657 1488 quotiens
1702 1403 1945 1469 mentio
1996 1422 2321 1468 sacrarum

271 1490 634 1557 litterarum
705 1492 1148 1577 intervenerit,
1218 1493 1431 1559 favete
1492 1492 1753 1579 linguis.
1861 1491 1989 1557 hoc
2051 1490 2320 1556 verbum
2356 1510 2406 1551 ιι

272 1602 434 1666 non,
495 1585 571 1646 ut
634 1582 924 1667 plerique
988 1582 1389 1666 existimant,
1451 1604 1491 1647 a
1556 1582 1778 1647 favore
1835 1580 2142 1665 trahitur,
2207 1576 2324 1646 sed

274 1671 551 1754 imperat
603 1670 961 1755 silentium,
1014 1676 1090 1737 ut
1140 1671 1264 1737 rite
1318 1670 1543 1758 peragi
1587 1670 1797 1757 possit
1841 1690 2096 1737 sacrum
2137 1668 2325 1735 nulla

274 1780 432 1825 voce
475 1760 648 1825 mala
694 1764 1131 1845 opstrepente:
1179 1761 1353 1846 quod
1399 1761 1607 1826 multo
1644 1760 1852 1847 magis
1886 1759 2325 1843 necessarium

277 1852 376 1915 est
428 1848 732 1934 imperari
785 1849 1001 1935 vobis,
1061 1852 1164 1934 ut,
1223 1850 1521 1936 quotiens
1577 1849 1824 1935 aliquid
1880 1870 1962 1916 ex
2012 1849 2129 1915 illo
2176 1869 2326 1933 pro-

275 1937 517 2004 feretur
588 1940 877 2024 oraculo,
947 1940 1182 2007 intenti
1243 1945 1311 2006 et
1373 1944 1743 2026 compressa
1805 1960 1963 2005 voce
2026 1937 2326 2004 audiatis.
2360 1959 2413 1999 πο

206 2043 239 2092 8
278 2049 425 2093 cum
489 2028 754 2095 sistrum
813 2029 1046 2114 aliquis
1106 2031 1479 2096 concutiens
1536 2052 1618 2095 ex
1670 2028 1944 2114 imperio
1990 2027 2327 2111 mentitur,

278 2139 426 2183 cum
472 2118 708 2203 aliquis
755 2119 1011 2186 secandi
1054 2120 1330 2185 lacertos
1368 2140 1519 2185 suos
1558 2119 1793 2185 artifex
1825 2117 2090 2184 brachia
2126 2121 2327 2202 atque

277 2228 533 2272 umeros
590 2229 900 2293 suspensa
953 2230 1150 2274 manu
1205 2211 1527 2293 cruentat,
1581 2230 1729 2274 cum
1789 2207 2008 2292 aliqua
2052 2206 2329 2294 genibus

278 2317 395 2380 per
449 2295 622 2362 viam
682 2319 910 2382 repens
970 2298 1182 2364 ululat
1238 2297 1623 2383 laurumque
1664 2297 1974 2363 linteatus
2020 2317 2218 2363 senex
2262 2299 2331 2361 et

277 2384 489 2450 medio
543 2387 872 2453 lucernam
926 2387 1030 2453 die
1086 2387 1453 2472 praeferens
1513 2383 1876 2453 conclamat
1928 2385 2167 2452 iratum
2214 2384 2331 2450 ali-
2364 2404 2415 2445 25
2536 2425 2538 2428 ι

460 2613 494 2668 1
530 2613 802 2670 halucina
835 2617 1095 2672 nationes
1122 2617 1179 2671 A
1223 2613 1244 2689 ΙΙ
1288 2615 1325 2670 5
1359 2617 1647 2685 raptorem
1683 2617 2057 2687 ingenuorum
2087 2615 2331 2686 Madviq

281 2687 574 2756 raptorum
608 2686 981 2758 ingenuorum
1017 2689 1403 2757 corruptorem
1429 2689 1487 2744 A
1530 2689 1627 2744 sed
1660 2704 1787 2742 rum
1821 2689 1888 2743 in
1922 2688 2215 2758 raptorum
2242 2687 2333 2742 A*

281 2758 346 2811 in
391 2774 505 2814 ras.
540 2761 749 2815 maiore
782 2760 944 2815 solito
978 2759 1351 2830 compendiose
1384 2762 1631 2829 scripsit,
1668 2761 2052 2830 corruptorem
2086 2760 2219 2814 item
2242 2759 2332 2813 A⁵
2534 2787 2536 2814 ι

281 2830 347 2884 in
379 2846 512 2896 ras„
547 2831 632 2886 ita
656 2837 865 2915 tamen,
891 2837 957 2916 'f‘
981 2838 1122 2916 certo
1149 2831 1482 2934 dispiciatur
1507 2830 1593 2916 31¹
1616 2832 1708 2887 hic
1732 2831 1987 2888 habuisse
2010 2831 2301 2900 raptorem
2310 2852 2333 2897 ,·
2451 2862 2463 2878 ι
2534 2817 2536 2949 Ι

283 2917 570 3056 affictam
619 2909 1130 3046 ΙΙ’.1θηείαιιωίξιιαιςιὶοιιιιη
1149 2903 1451 3029 ἐοωῗαΑῑ
1486 2905 1911 3047 egis-,raaldugrelm
1923 2917 2335 3030 lffffiessssffi

284 3041 604 3099 htterarum
632 3047 689 3114 (i.
711 3062 754 3100 e.
783 3044 1198 3116 philosophiae)
1224 3045 1347 3100 edd.
1372 3048 1599 3116 antiqff,
1626 3048 1721 3102 cui
1746 3047 1814 3100 K
1941 3046 2071 3100 bene
2098 3045 2340 3100 contudit
2532 3089 2534 3117 ,

285 3115 421 3168 dial.
459 3115 524 3169 X
559 3120 644 3184 14,
673 3122 704 3172 1
753 3133 918 3172 sacra
959 3117 1283 3173 litterarum
1318 3119 1376 3173 A
1426 3132 1714 3172 sacrarum
1753 3117 2001 3171 vitarum
2037 3115 2283 3187 Madvig
2316 3117 2341 3189 ΙΙ

287 3184 359 3238 15
383 3183 533 3240 huic.
584 3186 822 3243 uerbum
849 3191 905 3245 A
937 3205 1073 3245 corr.
1102 3189 1241 3260 vola.
1269 3190 1290 3259 H
1326 3187 1400 3243 1⁰
1427 3189 1502 3243 ad
1529 3189 1777 3256 favorem
1805 3189 2039 3259 Lipsius
2071 3187 2094 3260 ΙΙ
2126 3187 2196 3242 17
2225 3187 2341 3242 irn-

287 3258 452 3397 rffi?
481 3257 658 3381 ἐπ’,
680 3258 991 3397 iaus&
1010 3261 1077 3387 ἐ,
1107 3259 1435 3401 twa
1449 3259 1718 3401 22¹2ss
1741 3259 2097 3388 mm*
2128 3265 2194 3386 ς*
2208 3259 2343 3386 ”⁶22

1560 3375 1572 3386 .
1721 3375 1732 3388 .
1992 3375 2003 3386 .
2164 3371 2183 3398 ,

291 3399 344 3461 4,
369 3400 445 3452 20
553 3441 562 3450 .
601 3403 726 3466 474,
752 3405 857 3466 25;
891 3407 1017 3472 490,
1046 3407 1116 3459 10
1152 3409 1204 3458 et
1241 3407 1312 3459 13
1351 3403 1543 3473 Mau.)
1589 3419 1719 3459 cum
1766 3401 1975 3473 aliquis
2020 3402 2155 3472 woly.
2203 3417 2342 3456 cum
2530 3439 2532 3460 ff

295 3482 435 3521 anus
473 3484 508 3521 a
534 3470 666 3536 'qua
707 3471 869 3527 Gertz
