2544 3746
0 2401 40 2759 munn'd'x'ni
0 2344 38 2370 ἵ

323 52 449 119 138
725 48 786 103 L.
815 48 1100 114 ANNAEI
1136 48 1466 115 SENECAE
1502 48 1692 105 DIAL.
1721 50 1857 106 LIB.
1886 50 1953 105 V.

318 193 649 260 iracundia
707 215 993 276 mancos,
1049 157 1288 260 multos
1335 195 1573 261 debiles
1620 196 1799 279 fecit,
1854 198 2048 261 etiam
2093 196 2207 261 ubi
2252 219 2363 282 pa-

318 284 583 350 tientem
642 288 732 349 est
787 287 1023 349 nancta
1079 284 1430 350 materiam.
1534 285 1714 351 adice
1756 307 1932 352 nunc
1977 285 2151 369 quod
2194 285 2366 351 nihil

317 377 453 438 tam
516 372 814 439 inbecffle
876 377 1102 441 natum
1166 377 1290 457 est,
1362 378 1438 439 ut
1498 374 1636 440 sine
1702 374 1998 441 elidentis
2071 376 2364 460 periculo

319 465 565 547 pereat:
625 462 960 528 inbecillos
1006 463 1462 529 valentissimis
1509 463 1668 529 alias
1713 464 1924 547 dolor,
1970 464 2129 529 alias
2176 486 2367 531 casus

317 554 646 635 exaequat.
739 551 920 635 quid,
981 551 1156 635 quod
1213 551 1521 636 pleraque
1580 574 1827 636 eorum,
1886 557 2154 638 propter
2199 576 2369 638 quae

318 640 680 724 irascimur,
717 640 1051 705 offendunt
1085 662 1205 706 nos
1243 642 1451 726 magis
1485 663 1679 725 quam
1713 642 2021 707 laedunt?
2086 643 2371 709 multum

318 733 533 795 autem
580 730 868 813 interest,
914 732 1131 794 utrum
1179 729 1412 815 aliquis
1454 731 1779 796 voluntati
1814 752 1992 795 meae
2030 736 2245 816 opstet
2282 754 2371 797 an

318 817 509 903 desit,
573 818 806 904 eripiat
869 840 953 882 an
1015 840 1148 883 non
1207 819 1330 884 det.
1423 820 1604 904 atqui
1659 822 1727 884 in
1780 842 1985 906 aequo
2041 822 2369 905 ponimus,

315 911 535 973 utrum
595 908 829 993 aliquis
890 908 1138 973 auferat
1182 930 1268 973 an
1312 914 1528 995 neget,
1583 913 1800 974 utrum
1847 930 2028 995 spem
2072 914 2369 977 nostram

316 997 646 1081 praecidat
702 1020 784 1061 an
840 997 1118 1080 differat,
1171 1001 1389 1062 utrum
1436 1004 1661 1064 contra
1704 1020 1825 1064 nos
1871 1000 2068 1065 faciat
2112 1021 2197 1064 an
2242 1023 2366 1086 pro

247 1103 280 1150 5
319 1109 411 1169 se,
473 1107 689 1151 amore
748 1086 1010 1151 alterius
1071 1109 1156 1151 an
1210 1086 1359 1152 odio
1406 1089 1628 1153 nostri.
1722 1088 1986 1172 quidam
2029 1110 2183 1154 vero
2229 1110 2367 1155 11011

317 1178 569 1241 tantum
615 1176 817 1241 iustas
864 1196 1088 1241 causas
1135 1176 1348 1241 standi
1394 1181 1620 1243 contra
1662 1199 1809 1262 1108,
1857 1178 1968 1243 sed
2014 1178 2210 1243 etiam
2248 1178 2367 1244 ho·

315 1268 530 1330 nestas
575 1264 842 1330 habent:
887 1265 1052 1330 alius
1098 1269 1347 1350 patrem
1384 1269 1627 1351 tuetur,
1667 1267 1831 1333 alius
1868 1267 2160 1348 fratrem,
2197 1268 2366 1334 alius

316 1355 620 1438 patriam,
675 1352 839 1419 alius
898 1355 1202 1439 amicum3
1266 1356 1369 1420 his
1414 1359 1631 1420 tamen
1673 1377 1809 1421 non
1852 1356 2250 1441 ignoscimus
2298 1358 2367 1422 id

316 1442 724 1525 facientibus,
797 1443 969 1528 quod
1026 1444 1153 1508 nisi
1214 1443 1497 1509 facerent
1565 1446 2075 1529 inprobaremus,
2144 1446 2365 1529 imm0‚

317 1531 489 1616 quod
539 1536 637 1597 est
681 1531 1079 1612 incredibile,
1128 1554 1316 1617 saepe
1363 1532 1441 1597 de
1486 1534 1659 1600 facto
1706 1533 1865 1598 bene
1903 1534 2365 1619 existimamus,

318 1620 394 1685 de
438 1620 713 1685 faciente
760 1622 940 1685 male.
1016 1626 1083 1685 at
1129 1643 1229 1686 me
1266 1621 1557 1688 hercules
1594 1623 1695 1687 vir
1730 1644 2004 1709 magnus
2041 1644 2118 1689 ac
2154 1624 2365 1690 iustus

315 1710 742 1776 fortissimum
789 1731 1104 1794 quemque
1152 1733 1231 1775 ex
1275 1711 1569 1777 hostibus
1618 1713 1750 1778 suis
1797 1717 1861 1775 et
1905 1734 2025 1797 pro
2065 1713 2366 1779 libertate

315 1819 392 1864 ac
456 1800 660 1867 salute
726 1800 971 1884 patriae
1052 1801 1636 1885 pertinacissimum
1705 1802 1977 1886 suspicit
2039 1805 2105 1867 et
2167 1801 2366 1868 talem

317 1889 441 1954 sibi
487 1889 719 1973 civem,
765 1891 960 1954 talem
1008 1891 1279 1954 militem
1327 1892 1699 1976 contingere
1746 1894 1944 1976 optat.

496 1977 729 2042 XXIX
779 1977 992 2063 Turpe
1031 1984 1132 2044 est·
1165 1980 1375 2045 odisse
1414 2002 1605 2064 quem
1640 1981 1889 2064 laudes3
1927 1983 2170 2065 quanto
2208 2003 2363 2047 vero

316 2067 570 2152 turpius
610 2068 692 2133 ob
731 2068 797 2132 id
836 2069 1115 2152 aliquem
1154 2069 1391 2154 odisse,
1427 2075 1693 2155 propter
1702 2071 1897 2161 quod
1922 2071 2365 2136 misericordia

316 2157 550 2245 dignus
598 2161 721 2223 est:
777 2157 833 2223 si
877 2159 1170 2242 captivus
1220 2159 1286 2223 in
1334 2143 1721 2224 servitutem
1754 2160 1967 2225 subito
2023 2159 2362 2245 depressus

315 2247 620 2331 reliquias
676 2247 993 2314 libertatis
1053 2251 1229 2312 tenet
1286 2271 1406 2313 nec
1465 2248 1546 2314 ad
1606 2249 1863 2315 sordida
1916 2271 1993 2316 80
2036 2249 2365 2316 laboriosa

316 2336 672 2401 ministeria
716 2337 906 2421 agilis
954 2337 1258 2420 occurrit,
1307 2338 1362 2402 si
1403 2359 1483 2402 ex
1520 2339 1654 2402 otio
1692 2339 1877 2424 piger
1912 2360 2150 2423 equum
2187 2341 2364 2404 vehi-

316 2426 662 2510 culumque
722 2425 966 2490 domini
1027 2447 1219 2492 cursu
1277 2448 1410 2492 non
1468 2431 1810 2512 exaequat,
1861 2429 1916 2492 si
1963 2429 2131 2491 inter
2175 2430 2365 2494 cotti·

317 2514 508 2580 diana
551 2513 892 2600 pervigilia
938 2515 1178 2579 fessum
1223 2537 1486 2581 somnus
1534 2517 1884 2600 oppressit,
1938 2518 1993 2581 si
2048 2517 2364 2583 rusticum

315 2603 603 2668 laborem
663 2607 915 2669 recusat
969 2608 1080 2668 aut
1133 2625 1266 2670 non
1315 2604 1570 2670 fortiter
1616 2606 1779 2670 obiit
1824 2628 1861 2670 a
1908 2607 2213 2672 servitute
2259 2629 2364 2670 ur-

316 2693 484 2757 bana
519 2696 584 2757 et
619 2693 846 2758 feriata
878 2693 1225 2759 translatus
1255 2694 1337 2759 ad
1365 2695 1595 2759 durum
1625 2695 1815 2780 opus!
1872 2695 2367 2781 distinguamus,

317 2785 534 2846 utrum
581 2782 814 2864 aliquis
860 2805 994 2846 non
1039 2783 1246 2866 possit
1293 2805 1377 2848 an
1416 2784 1609 2848 nolit:
1655 2785 1895 2850 multos
1934 2783 2366 2871 absolvemus,

317 2872 374 2935 81
419 2871 816 2954 coeperimus
865 2875 1010 2936 ante
1057 2872 1337 2937 iudicare
1384 2895 1579 2957 quam
1627 2874 1831 2938 irasci.
1922 2894 2096 2938 nunc
2146 2878 2364 2939 autem

315 2961 596 3044 primum
643 2963 954 3044 impetum
1002 2963 1355 3046 sequimur,
1404 2963 1654 3045 deinde,
1704 2963 1997 3048 quamvis
2033 2984 2202 3029 vana
2240 2986 2363 3029 nos

497 3137 528 3192 1
549 3137 864 3207 patientem
893 3139 979 3193 est
1001 3141 1211 3192 nancta
1229 3141 1366 3194 mat.
1389 3140 1709 3210 Petschenig
1726 3139 2041 3209 patientem
2068 3134 2221 3194 118110
2224 3140 2365 3196 “ta-

316 3209 617 3263 materiam
646 3211 702 3265 A
737 3226 792 3278 p.
823 3227 876 3264 11.
907 3227 978 3263 111.
1010 3213 1274 3277 <erat>
1318 3211 1481 3266 Gertz
1528 3210 1549 3282 ΙΙ
1599 3209 1672 3265 14
1714 3213 1965 3279 patriam
1990 3213 2048 3266 A
2092 3213 2365 3280 patruum

317 3279 452 3348 volgy.
500 3281 522 3351 Η
568 3279 640 3336 22
685 3279 1130 3336 misericordiam
1167 3282 1250 3336 A¹
1297 3284 1434 3350 (com
1500 3281 1689 3337 ndiose
1726 3285 1882 3351 acrq)
1927 3281 2127 3338 deinde
2161 3283 2367 3340 ultima

318 3367 388 3403 m
411 3350 590 3406 deleta
625 3358 702 3408 est
743 3351 766 3424 ΙΙ
809 3351 881 3407 2ss
917 3351 1233 3407 cottidiana
1259 3354 1315 3409 A
1350 3354 1373 3426 ΙΙ
1446 3351 1483 3408 8
1518 3351 1663 3408 obiit
1689 3355 1746 3409 A
1783 3354 1906 3408 obit
1942 3353 2199 3410 Eram!
2231 3355 2363 3425 fort.

304 3421 518 3476 ’radius

2414 1022 2467 1063 1⁰

2410 1468 2466 1509 15

2404 2363 2461 2404 85
