2544 3746
277 82 406 146 174
664 78 725 133 L.
754 76 1040 132 ANNAEI
1076 74 1408 131 SENECAE
1445 74 1634 133 DIAL.
1664 76 1800 132 LIB.
1828 73 1923 131 VI.

272 223 480 311 magis
549 224 802 307 placeat
866 244 1074 307 quam,
1125 222 1301 307 quod
1373 223 1682 287 amissum
1752 226 1877 287 est:
1962 220 2313 306 iniquiores

274 334 496 379 sumus
559 312 864 377 adversus
925 311 1152 377 relicta
1215 314 1584 397 ereptorum
1646 310 1977 376 desiderio.
2083 310 2196 376 sed
2260 310 2348 378 si,

273 402 611 467 aestimare
673 401 982 484 volueris,
1047 422 1242 485 quam
1306 400 1493 467 valde
1566 400 1687 465 tibi
1757 400 2047 484 fortuna,
2118 398 2315 465 etiam

274 512 422 557 cum
481 490 780 573 saeviret,
837 488 1224 575 pepercerit,
1283 490 1445 555 scies
1504 489 1570 555 te
1627 488 1866 554 habere
1922 491 2071 576 plus
2121 510 2314 574 quam

273 579 536 645 solacia:
608 580 856 665 respice
919 582 1024 644 tot
1081 582 1381 664 nepotes,
1453 579 1611 644 duas
1679 579 1863 643 filias.
1973 578 2077 644 dic
2152 578 2315 643 illud
2374 598 2399 640 s

273 690 559 753 quoque,
602 668 872 733 Marciat
930 668 1254 734 ‘moverer
1259 716 1281 751 ,
1324 668 1381 733 si
1426 672 1594 733 esset
1631 668 1863 752 cuique
1897 666 2161 733 fortuna
2195 688 2317 752 pro

273 758 561 824 moribus
622 761 689 823 et
743 778 1098 841 numquam
1155 757 1328 821 mala
1379 756 1586 822 bonos
1632 760 2077 841 sequerentur:
2142 776 2319 821 nunc

272 847 460 913 video
521 848 821 931 exempto
883 846 1249 912 discrimine
1310 845 1534 911 eodem
1590 846 1785 912 modo
1831 846 2035 915 malos
2082 846 2317 911 bonos-

275 958 400 1021 que
445 935 712 1001 iactari.'
1647 953 1656 962 ·

405 1074 411 1079 .
451 1022 656 1090 XVII.
733 1023 970 1091 ‘Grave
1034 1029 1134 1091 est
1195 1027 1442 1108 tamen,
1506 1044 1698 1108 quem
1760 1023 2162 1108 educaveris,
2224 1024 2319 1109 iu·
2354 1046 2401 1087 ιο

274 1136 534 1198 venem,
605 1114 736 1179 iam
808 1114 1002 1180 matri
1071 1114 1203 1180 iam
1275 1112 1447 1198 patri
1509 1112 1901 1198 praesidium
1964 1134 2039 1179 ac
2104 1113 2320 1197 decus,

275 1202 614 1269 amittere?
706 1203 850 1288 quis
895 1207 1094 1291 negat
1137 1224 1333 1290 grave
1379 1202 1561 1268 esse?
1640 1202 1753 1268 sed
1796 1202 2153 1267 humanum
2202 1208 2319 1269 est.

275 1292 355 1357 ad
400 1293 527 1357 hoc
571 1292 828 1379 genitus
874 1314 972 1377 es,
1013 1297 1090 1359 ut
1125 1292 1451 1377 perderes,
1486 1295 1563 1357 ut
1596 1291 1865 1377 perires,
1899 1295 1976 1357 ut
2011 1312 2320 1376 sperares,

274 1384 622 1465 metueres,
681 1382 844 1447 alios
903 1386 1097 1467 teque
1149 1380 1572 1466 inquietatos,
1624 1383 1901 1446 mortem
1946 1383 2013 1445 et
2056 1380 2318 1446 timeres

275 1474 342 1535 et
401 1474 656 1555 optares
716 1474 810 1555 et,
855 1471 1043 1555 quod
1102 1474 1201 1537 est
1257 1469 1641 1556 pessimum,
1692 1491 2048 1553 numquam
2104 1470 2321 1553 scires,
2353 1490 2401 1532 ιε.
2505 1542 2506 1545 ¹

277 1558 458 1625 cuius
519 1559 688 1625 esses
749 1563 974 1627 status.
1065 1559 1123 1627 si
1168 1559 1314 1644 quis
1360 1556 1711 1643 Syracusas
1756 1558 2005 1644 petenti
2052 1558 2318 1624 diceret:
2505 1554 2506 1579 ¹

181 1642 203 1710 ἶ
277 1647 296 1677 ‘
312 1647 530 1713 omnia
570 1647 1039 1733 incommoda,
1101 1669 1327 1714 omnes
1388 1648 1757 1732 voluptates
1820 1647 2079 1713 futurae
2140 1669 2321 1733 pere·

277 1737 660 1823 grinationis
732 1741 881 1825 tuae
922 1739 1104 1803 ‘ante
1175 1758 1520 1825 cognosce,
1602 1736 1831 1803 deinde
1900 1736 1995 1802 ita
2063 1736 2318 1824 naviga.

275 1827 436 1892 haec
482 1830 662 1911 sunt,
717 1850 882 1912 quae
927 1826 1148 1894 mirari
1191 1826 1430 1913 possis:
1488 1825 1736 1892 videbis
1780 1825 2063 1912 primum
2109 1825 2320 1912 ipsam
2505 1872 2506 1880 κ

276 1917 556 1982 insulam
618 1917 698 1982 ab
762 1915 952 1983 Italia
1014 1920 1293 2004 angusto
1365 1915 1799 1982 interscissam
1862 1915 2060 1999 freto,
2124 1936 2320 2000 quam
2354 1937 2403 1978 20
2505 1965 2506 1976 ,

279 2006 637 2071 continenti
701 2007 1027 2090 quondam
1091 2005 1453 2073 cohaesisse
1516 2008 1796 2090 constat3
1858 2005 2148 2071 subitum
2204 2005 2321 2071 illo

278 2116 452 2160 mare
499 2095 746 2180 inrupit
791 2098 860 2160 et

781 2198 1117 2269 Hesperium
1155 2197 1345 2254 Siculo
1380 2197 1533 2254 latus
1572 2196 1832 2252 abscidit.

279 2307 506 2373 deinde
542 2308 789 2374 videbis
828 2307 1080 2396 (licebit
1115 2308 1287 2374 enim
1318 2308 1439 2374 tibi
1470 2307 1912 2374 avidissimum
1950 2307 2145 2373 maris
2185 2331 2321 2374 ver·
2505 2323 2506 2380 3

277 2397 472 2462 tieem
507 2395 968 2485 perstringere)
1005 2402 1275 2464 stratam
1310 2396 1490 2463 illam
1525 2397 1889 2463 fabulosam
1932 2395 2320 2482 Charybdin,
2356 2417 2403 2458 25

281 2507 474 2570 quam
521 2485 632 2552 diu
677 2487 758 2552 ab
806 2491 1024 2553 austro
1070 2489 1287 2572 vacat,
1337 2491 1433 2572 at,
1484 2487 1541 2552 si
1587 2486 1742 2571 quid
1786 2486 1937 2552 inde
1982 2486 2322 2552 vehemen-

278 2577 409 2641 tius
469 2575 768 2661 spiravit,
823 2598 1062 2663 magno
1119 2576 1306 2642 hiatu
1363 2576 1815 2661 profundoque
1872 2576 2135 2662 navigia
2190 2596 2323 2642 sor-

278 2665 555 2730 bentem.
663 2665 909 2730 videbis
979 2665 1555 2732 celebratissimum
1618 2665 2007 2731 carminibus
2070 2664 2322 2730 fontem

279 2753 697 2841 Arethusam,
757 2754 1130 2820 nitidissimi
1192 2775 1266 2820 ac
1325 2754 1641 2842 perlucidi
1699 2753 1779 2820 ad
1837 2753 2042 2821 imum
2088 2754 2325 2842 stagni,

462 2909 534 2966 28
573 2912 727 2984 Vera.
756 2912 897 2968 Aen.
927 2912 1042 2968 III
1069 2915 1178 2968 418

459 3016 492 3072 1
530 3017 828 3086 iniquioris
854 3018 910 3074 A
946 3017 968 3091 ΙΙ
1001 3017 1038 3073 2
1074 3016 1360 3074 desideria
1391 3017 1519 3074 AF
1548 3017 1571 3091 ΙΙ
1604 3016 1641 3074 4
1677 3017 1919 3074 saeviret
1952 3017 2149 3074 Haase
2185 3033 2253 3073 σω
2288 3029 2324 3072 s

279 3087 550 3147 saeuierit
588 3093 644 3147 A
687 3089 709 3164 Η
757 3087 830 3144 16
875 3104 1024 3146 esses
1052 3100 1088 3144 s
1132 3104 1252 3145 esse
1279 3089 1337 3145 A
1384 3087 1407 3164 Η
1454 3088 1523 3146 17
1558 3088 2033 3160 peregrinationis
2066 3088 2127 3145 A
2177 3087 2323 3158 (onis

279 3176 323 3217 s.
351 3177 402 3218 v.
431 3159 561 3217 add.
589 3177 736 3218 man.
765 3162 823 3231 Β)
871 3159 892 3234 ΙΙ
941 3159 1012 3216 19
1055 3159 1239 3232 possis
1275 3157 1367 3218 vol
1402 3203 1414 3216 .
1456 3158 1639 3232 possit
1671 3175 1809 3216 corr.
1838 3160 1902 3216 in
1936 3159 2079 3215 -sint
2110 3159 2269 3216 Δι’-8
2302 3158 2325 3232 ΙΙ

279 3229 354 3287 90
390 3230 689 3288 ambitalia
724 3233 804 3303 (m
828 3232 1059 3302 punctis
1091 3232 1307 3303 notam)
1426 3229 1448 3305 ΙΙ
1484 3229 1559 3287 25
1591 3231 1969 3303 perstringere
2006 3229 2324 3287 Pincianus

281 3303 620 3372 restringere
663 3302 721 3358 A
779 3303 787 3376 Ι
848 3299 1108 3359 charibdi
1157 3317 1401 3378 aquam„
1452 3301 1554 3358 diu
1598 3299 1867 3358 abaustro
1910 3301 2087 3357 uacat
2132 3301 2197 3357 at
2239 3299 2325 3358 A¹

284 3372 504 3440 (ultima
535 3373 702 3430 verba
735 3389 875 3430 corr.
903 3375 968 3430 im
999 3375 1226 3431 uenata.
1282 3376 1347 3431 at
1380 3391 1452 3432 m.
1484 3374 1541 3446 6)
1586 3389 1724 3432 corr.
1762 3373 2115 3446 Bonam-sius
2157 3369 2323 3445 (Oba-

283 3439 490 3510 rybdin
527 3443 778 3516 Lipsius)
