2544 3746
270 78 396 145 178
657 76 718 129 L.
747 75 1032 131 ANNAEI
1067 74 1398 131 SENECAE
1434 75 1625 131 DIAL.
1654 75 1788 132 LIB.
1817 74 1913 131 VI.

263 222 483 308 fulgor
537 224 602 287 et
653 221 825 305 inter
875 220 1248 307 rapidorum
1306 220 1691 287 torrentium
1746 242 1975 287 aurum
2026 220 2298 289 harenas

263 310 638 377 interfluens
697 312 765 377 et
816 310 887 376 in
939 310 1168 375 mediis
1225 309 1414 375 terris
1467 309 1808 395 medioque
1860 331 2085 377 rursus
2137 312 2297 377 mari

263 400 470 466 acrias
541 400 792 487 ignium
857 399 1030 466 faces
1094 403 1162 466 et
1221 399 1556 465 vinculum
1616 404 1934 465 terrarum
2005 422 2300 485 oceanus,

264 490 814 556 continuationem
851 488 1144 575 gentium
1179 488 1422 573 triplici
1458 488 1603 554 sinu
1635 488 1932 556 scindens
1959 494 2026 556 et
2050 490 2300 576 ingenti

260 578 524 645 licentia
568 577 989 645 exaestuans?
1059 576 1309 644 videbis
1352 577 1461 643 hic
1496 577 1801 662 inquietis
1831 582 1897 644 et
1930 578 2069 645 sine
2103 584 2297 645 vento

262 668 726 734 fluctuantibus
741 667 924 751 aquis
937 668 1161 733 innare
1174 667 1508 733 excedenti
1520 668 1850 733 terrestria
1856 667 2299 755 magnitudine

263 757 584 841 animalia,
602 756 916 842 quaedam
934 755 1158 844 gravia
1174 760 1242 821 et
1257 756 1469 821 alieno
1485 776 1555 821 se
1568 756 1939 843 magisterio
1954 757 2300 842 moventia,

263 846 577 931 quaedam
594 845 842 912 velocia
860 848 926 911 et
943 844 1282 912 concitatis
1300 844 1661 931 perniciora
1675 846 1957 933 remigis,
1985 846 2299 930 quaedam

260 935 625 1003 haurientia
678 934 885 1001 undas
943 938 1012 1001 et
1067 955 1304 1021 magno
1359 934 1958 1021 praenavigantium
2010 935 2298 1020 periculo

261 1024 577 1108 efflantia3
629 1024 876 1090 videbis
929 1024 1038 1090 hic
1092 1022 1353 1110 navigia
1408 1044 1567 1107 quas
1619 1044 1755 1089 non
1806 1046 2043 1089 novere
2096 1028 2299 1090 terras

263 1112 649 1198 quaerenffl..
707 1112 955 1179 videbis
981 1112 1148 1178 nihil
1171 1112 1494 1177 humanae
1521 1112 1823 1179 audaciae
1840 1113 2301 1198 intemptatum

262 1202 514 1288 erisque
578 1206 644 1267 et
701 1204 1026 1287 spectator
1084 1204 1151 1267 et
1202 1202 1345 1287 ipse
1402 1222 1551 1287 pars
1606 1222 1845 1289 magna
1898 1202 2302 1269 conantium:

261 1292 465 1358 disces
504 1290 890 1375 docebisque
917 1294 1115 1375 artes,
1150 1291 1309 1356 alias
1338 1311 1502 1375 quae
1528 1290 1729 1355 vitam
1754 1291 2109 1375 instruant,
2143 1290 2301 1357 alias

262 1402 426 1465 quae
454 1383 702 1464 ornent,
728 1380 885 1445 alias
914 1402 1078 1465 quae
1112 1384 1357 1467 regant.
1424 1379 1535 1447 sed
1563 1379 1712 1446 istic
1738 1384 1928 1445 erunt
1957 1381 2139 1446 mille
2166 1402 2302 1447 cor·

258 1492 520 1556 porum,
555 1469 916 1535 animorum
944 1472 1186 1554 pestes,
1214 1472 1283 1534 et
1307 1469 1481 1535 bella
1506 1472 1573 1535 et
1596 1468 1937 1535 latrocinia
1962 1473 2030 1535 et
2054 1491 2301 1536 venena

260 1563 327 1624 et
360 1558 697 1645 naufragia
734 1562 800 1623 et
834 1557 1245 1643 intemperies
1293 1558 1453 1624 caeli
1500 1559 1915 1644 corporisque
1951 1562 2018 1624 et
2054 1559 2301 1625 carissi·

259 1669 513 1713 morum
549 1647 780 1713 acerba
815 1646 1128 1713 desideria
1154 1650 1220 1712 et
1245 1668 1450 1731 mors,
1483 1647 1803 1713 incertum
1830 1647 2038 1715 facilis
2075 1669 2161 1714 an
2185 1669 2302 1733 per

258 1758 533 1822 poenam
563 1735 1064 1820 cruciatumque.
1127 1736 1413 1802 delibera
1436 1741 1653 1801 tecum
1682 1741 1749 1802 et
1773 1737 2117 1823 perpende,
2145 1736 2302 1822 quid

258 1827 445 1892 velis:
482 1829 558 1892 ut
593 1825 672 1892 ad
709 1825 823 1891 illa
858 1826 1099 1911 venias,
1133 1847 1249 1911 per
1284 1826 1398 1891 illa
1424 1826 1788 1892 exeundum
1816 1825 1958 1893 est?
2037 1848 2303 1912 respon-

259 1915 438 1981 debis
466 1916 633 1981 velle
659 1919 724 1980 te
753 1915 1011 1982 vivere?
1040 1953 1124 1964 —-
1156 1915 1424 1999 quidni?
1487 1916 1708 1998 immo,
1743 1920 1922 2001 put0‚
1956 1915 2041 1987 ,ad
2073 1916 2142 1982 id
2166 1938 2302 1982 non

259 2005 548 2089 accedes,
584 2027 664 2070 ex
701 2025 830 2089 quo
868 2005 991 2069 tibi
1026 2003 1271 2088 aliquid
1310 2005 1524 2080 decuti
1563 2005 1740 2070 doles
1786 2027 1900 2069 -ε
1957 2005 2103 2070 vive
2143 2027 2301 2092 ergo

257 2097 334 2158 ut
378 2093 694 2158 convenit.
786 2092 1042 2158 ‘nemo'
1090 2093 1307 2178 inquis
1355 2092 1503 2158 ‘nos
1552 2093 1919 2160 consuluit?
2020 2095 2302 2160 consulti

437 2232 470 2286 1
511 2248 710 2286 aurum
736 2232 979 2287 harenas
1014 2233 1214 2302 scripsi
1241 2238 1307 2287 ut
1338 2232 1503 2288 Gertz
1528 2232 1661 2288 olim
1686 2235 1753 2288 in
1775 2234 1919 2289 stud.
1948 2235 2069 2289 crit.
2100 2249 2301 2288 aurum

256 2303 484 2359 harenis
524 2306 581 2359 A
628 2303 871 2358 harenas
921 2320 1121 2358 aurum
1157 2316 1193 2358 ς
1237 2305 1297 2360 et
1341 2303 1489 2358 inter
1534 2304 1863 2374 rapidorum
1905 2321 2130 2359 cursum
2163 2307 2299 2360 torr.

259 2391 376 2431 aur.
418 2375 646 2431 harenis
694 2375 1021 2430 interfluens
1062 2375 1125 2430 F
1169 2376 1230 2429 et
1271 2375 1459 2430 nitens
1506 2377 1589 2445 (et
1623 2376 1798 2443 nitor,
1838 2375 2129 2446 Schultess)
2178 2393 2302 2447 rap.

255 2450 388 2502 torr.
429 2463 629 2501 aurum
663 2447 892 2501 harenis
927 2445 1254 2502 interfluens
1296 2446 1459 2502 Gertz
1504 2449 1564 2502 et
1598 2447 1748 2502 inter
1781 2465 1824 2501 r.
1852 2448 1893 2501 t.
1934 2447 2303 2517 <ah-eum>

258 2533 376 2574 aur.
404 2517 631 2574 harenis
667 2517 704 2573 i.
735 2518 1054 2587 Petscheniq
1097 2517 1120 2589 ΙΙ
1160 2516 1198 2572 8
1234 2517 1425 2572 aeriae
1454 2518 1693 2587 Madviy
1724 2520 1912 2572 terrae
1938 2518 2025 2574 A⁶
2058 2519 2122 2573 in
2156 2536 2270 2574 ras.
2281 2539 2305 2585 ;

255 2605 325 2645 ex
362 2589 448 2645 Α)
485 2591 764 2658 scriptwra
812 2588 957 2642 nihil
999 2593 1172 2644 restat
1211 2589 1329 2643 nisi
1371 2591 1562 2658 prima
1606 2589 1711 2644 litt.
1751 2604 1789 2642 a
1830 2605 1957 2644 cutm
1991 2589 2140 2643 mari
2175 2605 2304 2644 con-

255 2662 449 2716 iuncta
485 2661 783 2714 aethereae
811 2660 1015 2730 Haupt
1047 2658 1298 2714 torridae
1326 2661 1645 2730 Petscheniq
1678 2660 1699 2732 ΙΙ
1743 2658 1780 2714 4
1816 2659 2305 2716 continuationem

255 2731 319 2786 F
347 2731 698 2787 continuatio
735 2734 791 2786 A
826 2731 848 2814 1]
890 2729 927 2785 5
961 2731 1056 2786 hic
1083 2743 1117 2784 ς
1151 2730 1242 2784 his
1271 2733 1328 2785 A
1362 2731 1383 2804 Η
1426 2731 1463 2785 6
1497 2732 1697 2786 innare
1733 2747 1850 2788 exc.
1882 2733 2077 2786 Haase
2110 2731 2305 2786 innari

257 2805 315 2857 et
359 2817 475 2857 exc.
519 2805 576 2858 A
625 2803 887 2856 innantia
932 2818 1047 2858 exc.
1094 2802 1260 2859 Gertz
1308 2802 1507 2857 innare
1553 2804 1642 2856 tot
1686 2819 1802 2858 exc.
1846 2803 2123 2858 Schultess
2171 2805 2302 2871 fort.

255 2881 395 2930 recte
428 2874 453 2958 η
493 2873 530 2928 6
563 2873 855 2929 terrestria
885 2871 1107 2929 Gronov
1142 2873 1417 2928 terrentia
1443 2875 1501 2928 A
1535 2875 1760 2928 terrena
1787 2887 1823 2928 s·
1855 2873 1877 2957 Ι]
1911 2872 1948 2928 8
1982 2874 2216 2944 remigis
2246 2876 2304 2929 A

254 2946 507 3015 remigiis
537 2959 570 3000 ς
606 2944 774 3001 remis
811 2943 1054 3014 navigiis
1087 2944 1252 3000 Gertz
1288 2945 1471 3014 (1889)
1516 2943 1537 3018 ΙΙ
1584 2944 1621 3000 9
1658 2946 1919 3000 aurentra
1950 2945 2007 3001 A
2041 2945 2063 3029 Ι]
2107 2945 2178 3000 11
2216 2945 2305 3000 in-

254 3018 598 3085 temptatum
634 3029 668 3070 ς
711 3014 1053 3084 intemplata
1078 3015 1164 3071 A²
1198 3015 1575 3084 intemptatae
1606 3014 1692 3070 A·
1708 3018 1777 3084 (⁴2)
1812 3015 1835 3088 Η
1877 3015 1948 3071 12
1985 3032 2209 3084 erisque
2248 3017 2302 3086 ej

254 3090 312 3143 A
353 3087 370 3172 [
400 3103 504 3156 per
528 3103 738 3157 magna
756 3086 995 3144 ,Αἱ-0οη.
1024 3089 1089 3142 in
1122 3103 1229 3156 par
1255 3104 1340 3140 m-
1365 3086 1452 3142 A⁸
1474 3086 1601 3212 11117
1630 3088 1879 3142 incertus
1905 3087 1963 3143 A
1988 3086 2010 3160 ΙΙ
2034 3087 2109 3142 20
2136 3087 2305 3157 quid-

253 3159 316 3212 ni
351 3159 634 3214 immerito
673 3158 747 3212 ad
775 3158 838 3212 id
873 3174 986 3212 non
1018 3158 1256 3214 accedas
1287 3201 1299 3213 .
1332 3202 1344 3214 .
1377 3201 1389 3213 .
1420 3157 1493 3214 do
1517 3165 1613 3213 es?
1650 3158 1807 3214 Koch
1840 3158 2033 3214 volens
2062 3158 2306 3214 accedes

260 3230 424 3285 Gertz
474 3228 692 3298 aliquid
739 3228 932 3284 decuti
975 3229 1132 3285 noles
1171 3230 1410 3307 Madvig
1455 3228 1657 3299 quidni
1703 3230 1778 3284 ad
1823 3229 1885 3284 id
1926 3229 2194 3297 accedas,
2232 3247 2305 3286 ex

258 3316 368 3367 quo
409 3341 420 3354 .
452 3342 465 3356 .
500 3344 512 3356 .
551 3300 779 3355 doleas?
816 3301 1091 3356 audacius
1115 3303 1181 3356 P.
1209 3302 1460 3358 Thomas.
1499 3307 1639 3357 recte
1671 3302 1811 3357 mihi
1846 3301 2065 3372 quidem
2100 3303 2167 3357 de
2202 3303 2307 3358 hoe

259 3371 372 3424 loeo
424 3372 535 3426 vid.
581 3371 855 3426 iudicasse
909 3372 1182 3428 Schultess
1235 3373 1402 3441 (Phil.
1451 3374 1721 3443 Δαείρα-
1766 3371 1962 3428 XVII
1998 3375 2228 3444 111293)
2282 3372 2308 3444 fl

257 3438 330 3493 22
367 3440 610 3496 consulti
646 3444 778 3496 sunt
804 3442 868 3497 F
894 3449 958 3497 ut
991 3445 1129 3514 volq.
1169 3443 1484 3516 consulitffis
1521 3446 1653 3498 sunt
1680 3445 1738 3498 A

2335 1046 2385 1085 10

2334 1490 2385 1531 15
