2544 3746
126 1074 182 1115 10

127 1519 182 1560 15

126 2413 186 2454 25

127 2857 187 2898 80

688 81 788 137 DE
824 80 953 137 IRA
990 79 1126 136 LIB.
1155 79 1248 135 111.
1317 77 1471 135 cAP.
1498 84 1587 134 41.
1616 84 1703 134 42.
1732 84 1803 134 43
2141 80 2269 145 149

219 228 435 294 media
480 248 654 293 mors
701 227 972 293 dirimet.
1049 226 1206 310 quid
1250 226 1529 290 tumultu
1537 247 1721 291 amur
1766 229 1832 290 et
1870 224 2072 290 vitam
2111 223 2273 289 sedi·
2309 240 2343 289 4

218 318 376 384 tiosi
420 314 923 383 conturbamus?
996 320 1126 381 stat
1171 338 1366 400 supra
1411 317 1607 400 caput
1650 314 1858 379 fatum
1905 318 1970 380 et
2003 336 2271 399 pereun-

217 408 307 473 tis
369 406 504 473 dies
563 407 822 491 inputat
878 407 1275 491 propiusque
1330 426 1406 471 ac
1460 404 1729 489 propius
1779 404 2052 489 accedit3
2097 404 2272 470 istud

217 500 506 582 tempus,
581 496 756 581 quod
818 496 1062 564 alienae
1127 495 1409 560 destinas
1472 494 1695 579 morti,
1766 493 2039 560 fortasse
2102 494 2273 559 circa

217 590 404 652 tuam
449 589 562 651 est.

402 690 631 759 XLIII.
707 691 880 771 Quin
938 692 1157 778 potius
1203 692 1405 757 vitam
1460 692 1718 756 brevem
1774 690 2030 778 colligis
2076 690 2274 775 placi·-
2312 704 2341 754 1

219 784 500 867 damque
546 786 611 847 et
655 782 776 847 tibi
824 786 888 847 et
933 782 1160 847 ceteris
1211 780 1544 865 praestas?
1636 780 1793 865 quin
1838 782 2057 866 potius
2104 802 2273 845 ama·

217 872 420 938 bilem
491 876 584 955 te,
660 873 813 936 dum
877 872 1072 955 vivis,
1146 872 1471 955 omnibus,
1543 870 2053 956 desiderabilem,
2124 891 2274 935 cum

219 963 596 1045 excesseris,
656 960 914 1026 reddis?
1023 961 1180 1046 quid
1238 961 1427 1026 illum
1484 960 1681 1025 nimis
1736 982 1817 1026 ex
1870 960 2004 1025 alto
2058 963 2273 1025 tecum

220 1053 519 1137 agentem
567 1050 898 1115 detrahere
945 1050 1172 1135 cupis?
1247 1050 1403 1135 quid
1450 1050 1636 1114 illum
1674 1050 2101 1114 oblatrantem
2134 1048 2273 1133 tibi,

219 1140 535 1205 humilem
583 1139 842 1225 quidem
889 1143 954 1205 et
999 1143 1471 1224 contemptum,
1517 1138 1628 1204 sed
1675 1138 2112 1223 superioribus
2150 1138 2277 1204 aci·

220 1230 380 1295 dum
425 1250 501 1295 ac
547 1230 892 1295 molestum
939 1232 1223 1294 exterere
1267 1228 1515 1293 viribus
1552 1229 1683 1293 tuis
1720 1227 2044 1313 temptas?
2118 1226 2274 1312 quid

220 1341 408 1385 servo
417 1368 438 1404 ,
497 1318 654 1404 quid
714 1318 1003 1402 domino,
1063 1319 1220 1403 quid
1279 1318 1446 1404 regi,
1499 1318 1657 1403 quid
1711 1318 1933 1384 clienti
1984 1321 2098 1383 tuo
2154 1318 2276 1383 ira-

221 1408 464 1474 sceris?
581 1409 824 1474 sustine
888 1409 1182 1493 paulum:
1255 1408 1435 1473 venit
1489 1428 1635 1473 ecce
1698 1430 1873 1473 mors
1938 1429 2103 1492 quae
2160 1428 2275 1472 vos

219 1519 410 1582 pares
470 1496 680 1563 faciat.
778 1496 987 1562 videre
1049 1498 1331 1563 solemus
1392 1498 1560 1562 inter
1622 1497 1939 1562 matutina
2000 1496 2275 1561 harenae
2311 1508 2344 1559 2

222 1588 592 1671 spectacula
636 1588 806 1652 tauri
854 1591 918 1652 et
963 1587 1098 1652 ursi
1144 1608 1435 1672 pugnam
1474 1588 1643 1651 inter
1680 1608 1746 1652 se
1783 1586 2278 1672 conligatorum,

221 1698 389 1761 quos
399 1724 420 1760 ,
475 1698 622 1741 cum
670 1676 831 1741 alter
877 1677 1150 1741 alterum
1197 1680 1538 1759 vexarunt,
1594 1698 1747 1741 suus
1796 1676 2127 1742 confector
2171 1698 2276 1741 ex·

221 1769 467 1850 pectat:
540 1765 710 1831 idem
782 1766 1082 1850 facimus,
1157 1766 1438 1851 aliquem
1508 1766 1846 1831 nobiscum
1920 1765 2276 1851 adligatum

221 1856 626 1941 lacessimus,
687 1877 834 1922 cum
893 1857 1067 1921 victo
1127 1856 1487 1940 victorique
1533 1854 1682 1920 finis
1729 1859 1794 1920 et
1840 1856 2102 1940 quidem
2145 1878 2276 1921 ma-

221 1949 410 2011 turus
482 1945 810 2010 inmineat.
915 1945 1116 2029 quieti
1179 1945 1400 2030 potius
1464 1945 1804 2029 pacatique
1866 1945 2277 2030 quantulum-

223 2056 502 2117 cumque
576 2038 867 2119 superest
939 2035 1297 2120 exigamus!
1403 2034 1568 2099 nulli
1640 2034 1911 2099 cadaver
1980 2038 2276 2100 nostrum

221 2125 432 2188 iaceat
485 2123 793 2189 invisum!
886 2146 1074 2209 saepe
1133 2124 1341 2189 rixam
1402 2125 1877 2190 conclamatum
1926 2123 1995 2188 in
2039 2123 2279 2190 vicinia
2313 2136 2346 2187 3

222 2212 594 2278 incendium
669 2213 864 2278 solvit
931 2217 1002 2282 et
1068 2213 1466 2278 interventus
1530 2213 1701 2278 ferae
1765 2212 2083 2279 latronem
2146 2213 2277 2278 via-

222 2307 561 2387 toremque
609 2302 868 2368 diducit.
946 2303 1301 2369 conluctari
1339 2324 1488 2369 cum
1525 2303 1882 2368 minoribus
1919 2303 2107 2374 malis
2143 2323 2277 2368 non

222 2395 440 2476 vacat,
503 2391 617 2456 ubi
680 2396 888 2457 metus
954 2393 1160 2457 maior
1223 2392 1540 2476 apparuit.
1658 2391 1814 2476 quid
1876 2392 2063 2458 nobis
2130 2414 2277 2459 cum

224 2480 640 2546 dimicatione
713 2486 779 2546 et
850 2481 1143 2546 insidiis?
1246 2481 1564 2564 numquid
1635 2481 1915 2566 amplius
1990 2481 2099 2546 isti
2172 2483 2277 2548 cui

223 2571 519 2634 irasceris
585 2591 780 2654 quam
844 2573 1118 2636 mortem
1185 2570 1417 2654 optas?
1524 2569 1719 2635 etiam
1782 2568 1868 2635 te'
1912 2571 2277 2654 quiescente

225 2659 553 2724 morietur.
646 2659 861 2743 perdis
918 2681 1208 2744 operam,
1264 2661 1320 2724 si
1365 2658 1574 2725 facere
1620 2660 1717 2724 vis
1767 2660 1943 2744 quod
1986 2661 2276 2725 futurum

224 2751 340 2812 est.
435 2746 652 2812 ‘nolo'
716 2749 932 2832 inquis
998 2747 1255 2832 ‘utique
1323 2749 1638 2832 occidere,
1705 2748 1816 2812 sed
1880 2749 2103 2833 exilio,
2168 2749 2278 2815 sed
2314 2763 2349 2810 4

224 2837 613 2922 ignominia,
659 2837 770 2901 sed
818 2837 1051 2902 damno
1100 2836 1413 2902 adficere?
1490 2837 1696 2923 magis
1735 2837 2001 2923 ignosco
2041 2839 2100 2902 ei
2108 2886 2127 2922 ,
2165 2839 2278 2922 qui

408 3028 446 3082 3
481 3028 855 3098 propriusque
883 3029 941 3082 A
975 3029 996 3100 Η
1031 3028 1099 3082 11
1141 3031 1200 3082 et
1227 3032 1489 3098 contemp
1490 3031 1614 3084 tum
1642 3031 1699 3085 A
1737 3033 1910 3098 atque
1946 3030 2277 3114 despectum

223 3101 282 3155 L
309 3099 330 3170 ΙΙ
357 3098 429 3153 12
457 3102 708 3154 exterere
737 3100 932 3154 Mur-et
967 3101 1089 3168 (cfr.
1121 3101 1255 3155 dial.
1288 3101 1351 3155 X
1379 3105 1465 3168 13,
1451 3047 1542 3172 p6)
1576 3103 1854 3156 exterrere
1882 3102 2004 3157 AL
2038 3101 2060 3174 ΙΙ
2094 3101 2165 3156 15
2192 3102 2277 3156 111-

225 3170 363 3225 dere
392 3171 448 3226 A
494 3170 679 3225 ridere
724 3171 860 3256 11019.
904 3171 1034 3225 inde
1075 3189 1112 3226 a
1147 3172 1371 3227 Mureto
1420 3173 1427 3244 1
1476 3173 1687 3244 harene
1722 3176 1779 3228 A
1822 3179 1874 3244 (0
1910 3175 1975 3227 in
2008 3190 2119 3228 ras.
2148 3174 2275 3240 fort.

222 3261 298 3298 m.
331 3243 384 3312 1)
429 3241 450 3314 Η
495 3241 564 3297 17
601 3247 777 3296 uexai·
811 3244 847 3296 i.
881 3259 920 3298 e.
957 3246 1236 3298 uexarunt
1268 3245 1325 3300 A
1362 3250 1412 3299 et
1448 3244 1503 3300 L
1536 3245 1756 3299 vexarit
1790 3245 1939 3329 υοῑ9.
1973 3245 1994 3318 H
2044 3242 2116 3300 18
2152 3244 2278 3301 alli·

224 3317 429 3397 gatum
467 3331 602 3370 corr.
633 3332 700 3368 ex
737 3314 844 3368 atl-
877 3316 997 3370 A¹··
1011 3319 1031 3350 ²
1067 3316 1088 3388 Η
1122 3315 1194 3369 22
1229 3317 1292 3369 111
1328 3315 1543 3371 uicinia
1579 3319 1633 3373 L
1670 3317 1732 3371 in
1764 3316 1977 3371 uicinio
2007 3318 2063 3373 A
2100 3317 2161 3371 in
2196 3319 2277 3372 vi-

225 3386 356 3440 cino
403 3387 540 3457 υοῑ9.
579 3385 681 3453 cfr.
721 3387 855 3441 dial.
895 3387 996 3442 IX
1031 3393 1115 3454 11,
1135 3393 1170 3442 '7
1219 3387 1239 3459 ΙΙ
1288 3387 1360 3443 28
1406 3404 1636 3457 operam
1673 3388 1721 3444 si
1762 3390 1947 3444 Hense
1980 3391 2044 3445 in
2081 3389 2278 3446 litteris

225 3458 305 3513 ad
341 3475 424 3512 me
459 3459 638 3524 datis;
673 3473 873 3526 operas
903 3460 1021 3513 AL
1061 3475 1291 3528 operam
1330 3473 1363 3513 ς
