2544 3746
886 43 984 97 DE
1021 41 1149 98 IRA
1187 43 1320 98 LIB.
1348 44 1389 98 Ι.
1456 43 1609 99 CAP.
1640 50 1673 98 6
2206 47 2295 113 53

259 189 420 255 dicit
473 187 633 254 cibis
689 193 754 253 et
807 189 1194 254 abstinentia
1254 210 1491 274 corpus
1554 192 1883 274 exonerat3
1948 189 2003 256 si
2064 190 2305 258 frustra

256 279 559 344 molliora
620 282 974 362 cesserunt,
1046 278 1197 342 ferit
1255 300 1485 343 venam
1549 278 2003 363 membrisque,
2078 280 2133 345 si
2196 280 2303 346 ad·

256 367 590 434 haerentia
629 371 869 434 nocent
913 370 978 432 et
1021 369 1317 432 morbum
1365 367 1758 450 diffundunt,
1804 390 2031 434 manus
2069 369 2303 453 adfert3

255 478 378 524 nec
429 457 568 522 ulla
621 456 780 522 dura
823 457 1077 522 videtur
1129 457 1404 540 curati0,
1459 457 1641 522 cuius
1697 456 1993 524 salutaris
2040 459 2301 524 effectus

197 571 220 611 5
257 551 371 614 est.
465 548 558 612 ita
609 548 829 633 legum
881 546 1238 631 praesidem
1294 546 1702 630 civitatisque
1744 549 2059 612 rectorem
2104 546 2302 630 decet,
2339 568 2372 616 3

258 657 454 721 quam
520 635 632 700 diu
693 638 934 720 potest,
997 635 1208 700 verbis
1275 638 1340 699 et
1399 636 1503 701 his
1566 635 1970 702 mollioribus
2044 636 2305 723 ingenia

257 747 508 810 curare,
563 728 640 789 ut
692 724 986 790 facienda
1039 724 1305 790 suadeat
1349 724 1894 809 cupiditatemque
1938 726 2195 791 honesti
2240 729 2305 791 et

256 815 449 900 aequi
475 814 778 880 conciliet
803 814 1034 879 animis
1061 813 1384 897 faciatque
1410 814 1715 878 vitiorum
1745 814 1990 899 odium,
2023 816 2303 899 pretium

254 903 623 987 virtutium3
658 906 942 970 transeat
987 903 1214 968 deinde
1251 903 1333 968 ad
1368 903 1718 970 tristiorem
1756 904 2138 988 orationem,
2176 925 2304 986 qua

171 1017 222 1058 10
253 996 519 1059 moneat
551 992 762 1059 adhuc
797 995 863 1058 et
897 993 1268 1077 exprobret3
1306 992 1655 1058 novissime
1691 993 1772 1057 ad
1808 1014 2047 1076 poenas
2086 997 2151 1058 et
2183 993 2301 1058 has

255 1082 469 1148 adhuc
539 1083 739 1165 leves,
811 1081 1203 1148 revocabiles
1277 1081 1599 1165 decurrat3
1680 1081 1911 1146 ultima
1984 1083 2305 1166 supplicia

255 1171 602 1237 sceleribus
665 1171 912 1236 ultimis
975 1174 1202 1255 ponat,
1265 1174 1343 1235 ut
1391 1192 1583 1236 nemo
1638 1174 1882 1256 pereat,
1936 1171 2066 1236 nisi
2111 1192 2303 1256 quem

254 1262 466 1346 perire
530 1261 722 1325 etiam
785 1261 1113 1345 pereuntis
1176 1260 1448 1326 intersit.
1535 1260 1664 1325 hoc
1715 1281 1846 1325 uno
1900 1260 2301 1326 medentibus
2338 1283 2371 1332 4

256 1351 381 1416 erit
443 1349 800 1433 dissimilis,
866 1349 1041 1433 quod
1102 1349 1203 1414 illi
1257 1349 1492 1434 quibus
1528 1349 1729 1414 vitam
1773 1370 1909 1414 non
1952 1352 2305 1434 potuerunt

168 1461 218 1504 ιε
253 1439 484 1526 largiri
526 1437 781 1504 facilem
819 1440 1061 1503 exitum
1097 1441 1452 1523 praestant,
1496 1438 1607 1504 hic
1642 1438 1977 1504 damnatos
2014 1459 2162 1504 cum
2200 1438 2303 1502 de-

255 1528 486 1594 decore
544 1530 610 1593 et
665 1527 1070 1594 traductione
1113 1527 1251 1592 vita
1296 1528 1522 1614 exigit,
1576 1548 1710 1593 non
1754 1527 1909 1613 quia
1954 1527 2304 1593 delectetur

253 1617 455 1682 ullius
519 1638 728 1701 poena
771 1652 861 1664 —-
906 1617 1139 1700 procul
1199 1619 1298 1682 est
1360 1617 1530 1681 enim
1593 1639 1633 1681 a
1679 1617 1965 1701 sapiente
2019 1620 2153 1681 tam
2208 1616 2303 1680 in-

253 1707 540 1772 humana
596 1705 818 1772 feritas
863 1741 952 1753 —
999 1705 1111 1771 sed
1163 1710 1239 1770 ut
1299 1706 1752 1772 documentum
1808 1707 2097 1771 omnium
2153 1707 2301 1790 sint,

255 1799 322 1862 et
384 1795 540 1882 quia
582 1795 718 1860 vivi
777 1795 1127 1861 noluerunt
1187 1794 1516 1881 prodesse,
1581 1799 1787 1860 morte
1848 1799 2021 1861 certe
2080 1817 2302 1860 eorum

166 1908 220 1950 20
253 1908 358 1953 res
393 1886 656 1971 publica
691 1889 925 1950 utatur.
988 1906 1123 1950 non
1151 1889 1250 1950 est
1285 1907 1439 1971 ergo
1474 1888 1706 1950 natura
1741 1886 2021 1951 hominis
2058 1906 2303 1969 poenae

255 1975 591 2061 adpetens:
654 1974 798 2039 ideo
862 1996 944 2040 ne
998 1975 1096 2038 ira
1151 1974 1408 2058 quidem
1456 1974 1803 2051 secundum
1847 1978 2144 2039 naturam
2187 1975 2303 2039 ho·-

253 2064 478 2149 minis,
524 2063 679 2148 quia
722 2085 967 2149 poenae
1013 2063 1319 2147 adpetens
1366 2066 1477 2129 est.
1541 2067 1606 2127 et
1640 2062 1931 2129 Platonis
1969 2086 2302 2150 argumen-
2338 2082 2371 2131 5

255 2158 398 2220 tum
434 2153 718 2218 adferam
751 2187 829 2201 —·
863 2152 1020 2237 quid
1046 2153 1218 2218 enim
1253 2156 1447 2218 nocet
1481 2154 1706 2219 alienis
1732 2154 1831 2217 uti
1859 2175 1938 2217 ex
1964 2156 2147 2237 parte
2175 2174 2303 2237 qua

253 2246 480 2310 nostra
516 2242 709 2309 sunt?
741 2264 852 2306 -ε
881 2241 1027 2308 ‘Vir
1058 2240 1293 2307 bonus'
1337 2242 1552 2326 inquit
1596 2241 1751 2307 ‘non
1783 2240 2023 2308 laedit?
2092 2263 2303 2327 poena

169 2353 220 2395 26
253 2332 482 2398 laedit:
524 2332 698 2397 bono
746 2353 900 2417 ergo
946 2352 1156 2415 poena
1197 2352 1334 2397 non
1370 2332 1696 2415 convenit,
1744 2332 1827 2396 ob
1873 2332 1998 2397 hoc
2032 2352 2152 2397 nec
2188 2331 2300 2415 ira,

258 2422 414 2507 quia
475 2442 686 2505 poena
738 2421 870 2485 irae
933 2421 1250 2486 convenit.
1345 2422 1400 2485 si
1462 2421 1563 2484 vir
1622 2421 1831 2486 bonus
1894 2434 2105 2505 poena
2166 2440 2301 2485 non

439 2594 512 2651 24
547 2596 716 2651 Plato
749 2596 818 2651 de
851 2612 965 2665 rep.
994 2597 1036 2651 1
1058 2613 1120 2665 p.
1149 2595 1335 2651 335D

437 2701 474 2757 2
510 2702 846 2759 adhaerenti
883 2703 966 2759 W.
1001 2702 1212 2759 Gemoll
1245 2701 1267 2775 ΙΙ
1303 2702 1371 2757 11
1399 2701 1555 2757 leues
1581 2700 1931 2757 reuocabiles
1959 2702 2016 2757 A
2050 2703 2205 2773 volqo
2243 2705 2303 2756 et

253 2776 640 2844 interponam,
683 2775 780 2829 sed
828 2774 1134 2829 bimembris
1176 2773 1466 2829 dissolutio
1509 2774 1735 2828 minime
1776 2789 1914 2829 rara
1956 2774 2022 2827 in
2057 2773 2113 2829 S.
2144 2774 2302 2829 libris

253 2846 359 2913 cfr.
387 2861 508 2915 cap.
541 2848 687 2912 12st
725 2862 808 2915 ep.
849 2848 989 2911 15,4
1036 2848 1116 2915 (p.
1147 2850 1236 2913 41,
1257 2849 1328 2900 17
1365 2844 1574 2910 Hense)
1618 2848 1707 2911 59,
1725 2849 1763 2899 s
1806 2846 1889 2913 (p.
1920 2849 2043 2911 177,
2062 2847 2120 2906 8)
2158 2848 2245 2912 52,
2265 2848 2301 2899 6

326 2958 338 2970 .
369 2920 499 2985 147,
518 2918 572 2985 9)
629 2914 638 2985 Ι
691 2915 951 2987 πΙυιὶωα
987 2916 1072 2971 A²
1115 2914 1158 2987 (1
1192 2932 1331 2971 corr.
1370 2932 1438 2970 ex
1472 2916 1519 2981 t)
1571 2911 1593 2988 ΙΙ
1639 2914 1711 2969 15
1747 2915 2045 2970 damnatos
2077 2916 2303 2971 Fickert

293 2988 463 3054 inat3
509 2988 586 3057 (--·
613 2986 936 3056 damnatus)
964 2988 1021 3041 A
1072 2985 1094 3059 ΙΙ
1142 2985 1213 3041 16
1255 2986 1377 3041 vita
1412 2986 1550 3057 voly.
1588 2985 1715 3041 uita
1741 2987 1798 3042 A
1836 2986 2115 3055 (lineolam
2150 3004 2297 3041 man.

251 3057 521 3113 recentior
553 3058 667 3113 vid.
695 3058 1033 3128 adposuisse)
1068 3057 1195 3111 uita
1219 3058 1276 3113 L
1309 3057 1331 3130 ΙΙ
1366 3055 1437 3112 19
1464 3056 1603 3125 quia
1625 3056 1739 3111 vivi
1768 3058 1971 3127 Haupt
2005 3057 2105 3126 qui
2126 3056 2301 3111 alicui

253 3129 377 3185 AL
423 3126 434 3201 Ι
465 3126 540 3183 28
576 3126 832 3184 adferam
869 3144 1005 3185 corr.
1034 3129 1099 3183 in
1134 3127 1237 3182 aff-
1271 3129 1399 3196 fort.
1429 3127 1513 3182 A¹
1553 3128 1561 3201 Ι
1604 3130 1814 3197 <ea>
1843 3143 1913 3183 ex
1947 3145 2002 3197 p.
2034 3128 2247 3183 Hosius
2279 3127 2302 3201 ΙΙ

252 3198 328 3257 24
568 3200 736 3257 verba
777 3215 964 3270 poena.
997 3199 1180 3255 laedit
1219 3240 1411 3256 .....
1452 3215 1586 3270 ergo
1623 3215 1736 3253 non
1774 3200 1863 3253 est
1896 3198 2174 3254 naturalis
2212 3199 2300 3253 ira

251 3278 389 3330 recte
425 3273 895 3345 aryumentationi
929 3272 1160 3331 Senecae
1192 3272 1411 3329 videtwr
1444 3271 1791 3339 attribuebam
1826 3271 1981 3342 apud
2010 3272 2299 3327 Platonem

251 3350 390 3401 certe
424 3361 543 3401 non·
575 3346 950 3401 inveniemur.
989 3344 1089 3411 cfr.
1130 3345 1316 3401 Altera
1352 3344 1419 3400 de
1455 3344 1577 3401 Son.
1609 3344 1793 3401 lubi-or.
1824 3344 1890 3399 de
1924 3346 2015 3399 ira
2048 3344 2299 3412 fontibus

252 3418 404 3474 Dice.
442 3416 780 3489 Gottinqene.
823 3420 962 3473 1881
995 3432 1124 3488 paq.
1155 3422 1274 3487 9⁸4·
