2544 3746
282 104 418 171 304
689 103 752 159 1..
779 102 1067 159 ANNAEI
1102 102 1434 159 SENECAE
1469 102 1660 159 DIAL.
1689 103 1823 161 LIB.
1850 102 1919 157 X.

282 249 632 315 consistere
689 250 760 314 in
817 271 949 315 una
1006 249 1360 334 cupiditate
1416 270 1552 315 non
1603 252 1894 334 possunt.
1984 271 2120 316 non
2174 254 2331 316 sunt

279 337 412 404 illis
474 337 658 425 longi
720 336 883 423 dies,
947 338 1060 403 sed
1117 337 1338 423 invisi3
1400 341 1469 404 at
1524 341 1752 405 contra
1805 359 2001 423 quam
2055 339 2329 441 exiguae

278 430 502 495 noctes
544 427 871 511 videntur,
917 447 1076 511 quas
1121 427 1192 491 in
1237 426 1559 512 conplexu
1604 429 1967 493 scortorum
2013 430 2128 494 aut
2170 428 2326 493 vino

209 530 243 580 ο
279 516 575 603 exigunt!
666 516 814 581 inde
868 517 1064 581 etiam
1113 518 1452 600 poetarum
1496 516 1681 581 furor
1723 516 1961 581 fabulis
2004 517 2327 583 humanos

279 626 527 673 errores
581 604 920 689 alentium,
981 604 1214 689 quibus
1272 605 1451 671 visus
1506 608 1605 671 est
1646 602 1943 691 Iuppiter
1987 605 2325 691 voluptate
2387 626 2415 667 s

278 692 658 760 concubitus
705 693 1022 759 delenitus
1069 693 1431 780 duplicasse
1474 697 1761 759 noctem·
1808 694 1966 779 quid
2010 694 2189 759 aliud
2226 700 2328 761 est

276 781 437 848 vitia
495 786 722 850 nostra
781 782 1120 848 incendere
1179 803 1377 867 quam
1434 787 1729 849 auctores
1788 783 1919 849 illis
1975 782 2325 849 inscribere

279 870 431 937 deos
504 875 570 937 et
642 871 793 938 dare
865 872 1092 938 morbo
1167 873 1463 957 exemplo
1532 861 1889 938 divinitatis
1953 875 2325 938 excusatam

274 960 647 1026 licentiam?
715 964 992 1048 possunt
1034 960 1177 1026 istis
1222 982 1360 1026 non
1392 960 1806 1028 brevissimae
1842 960 2046 1026 videri
2082 965 2327 1044 noctes,

277 1070 438 1135 quas
495 1052 632 1115 tam
691 1070 835 1117 care
893 1050 1301 1115 mercantur?
1405 1050 1575 1116 diem
1619 1050 1830 1117 noctis
1877 1050 2327 1135 expectatione
2366 1072 2423 1113 10

276 1139 580 1226 perdunt,
625 1142 882 1205 noctem
926 1139 1091 1205 lucis
1139 1143 1336 1205 metu.

209 1245 237 1294 1
454 1225 660 1293 XVII.
731 1225 920 1313 Ipsae
972 1227 1339 1313 voluptates
1400 1248 1622 1293 eorum
1674 1227 1964 1313 trepidae
2017 1231 2083 1293 et
2125 1227 2327 1294 variis

274 1316 626 1382 terroribus
689 1318 1016 1401 inquietae
1079 1320 1246 1383 sunt
1295 1316 1596 1400 subitque
1659 1337 1809 1382 cum
1874 1317 2153 1387 maxime
2217 1340 2327 1381 ex·

275 1406 577 1472 sultantis
623 1406 904 1472 sollicita
948 1406 1287 1493 cogitatio:
1332 1404 1522 1471 ‘haec
1568 1426 1763 1493 quam
1809 1404 1995 1471 diuP'
2068 1406 2147 1471 ab
2194 1406 2326 1471 hoc

275 1494 510 1561 affectu
555 1516 738 1581 reges
784 1515 967 1560 suam
1013 1496 1246 1561 flevere
1291 1493 1677 1580 potentiam,
1718 1515 1839 1562 nec
1883 1495 2033 1560 illos
2075 1496 2421 1584 magni-1⁶

130 1580 141 1587 “
273 1583 433 1650 tudo
487 1583 785 1649 fortunae
839 1606 991 1650 suae
1044 1584 1416 1668 delectavit,
1457 1583 1569 1649 sed
1613 1586 1923 1651 venturus
1970 1583 2324 1667 aliquando

204 1687 236 1737 2
275 1671 424 1738 finis
471 1673 796 1738 exterruit.
870 1693 1018 1738 cum
1064 1694 1180 1758 per
1224 1694 1461 1759 magna
1504 1693 1883 1774 camporum
1929 1672 2138 1757 spatia
2172 1694 2328 1758 por-

271 1760 512 1847 rigeret
573 1762 925 1827 exercitum
987 1783 1106 1827 nec
1167 1783 1511 1827 numerum
1573 1761 1711 1827 eius
1775 1761 1887 1827 sed
1949 1782 2325 1826 mensuram

273 1850 738 1935 conprenderet
799 1848 1139 1916 Persarum
1204 1873 1319 1917 rex
1380 1850 1947 1935 insolentissimus,
2018 1849 2323 1916 lacrimas

272 1939 588 2024 profudit,
662 1941 837 2024 quod
908 1941 1078 2006 intra
1150 1944 1411 2006 centum
1474 1961 1677 2006 annos
1739 1961 1929 2005 nemo
1995 1961 2074 2005 ex
2135 1943 2324 2005 tanta
2362 1960 2419 2000 zo

270 2029 604 2095 iuventute
663 2029 1114 2115 superfuturus
1174 2033 1367 2096 esset:
1426 2032 1496 2094 at
1552 2029 1682 2095 illis
1743 2029 2119 2094 admoturus
2179 2034 2325 2094 erat

271 2117 479 2200 fatum
525 2118 664 2203 ipse
712 2119 825 2203 qui
860 2118 1056 2184 flebat
1091 2118 1586 2204 perditurusque
1621 2117 1783 2182 alios
1820 2116 1890 2182 in
1926 2117 2115 2201 mari,
2152 2117 2323 2182 alios

271 2206 344 2272 in
403 2209 600 2292 terra,
664 2207 826 2273 alios
890 2208 1166 2293 proelio,
1228 2206 1391 2273 alios
1450 2206 1608 2294 fuga
1666 2209 1733 2274 et
1782 2205 1956 2271 intra
2009 2207 2321 2292 exiguum

270 2298 527 2381 tempus
574 2301 1075 2382 consumpturus
1119 2296 1300 2380 illos,
1345 2295 1577 2381 quibus
1615 2295 2037 2366 centesimum
2074 2317 2321 2360 annum

202 2399 234 2449 3
271 2384 556 2450 timebat
669 2385 853 2488 quid?
921 2386 1094 2471 quod
1156 2385 1420 2488 gaudia
1456 2405 1716 2470 quoque
1779 2405 2001 2450 eorum
2064 2383 2324 2469 trepida
2359 2402 2416 2443 26
2519 2409 2520 2412 ¹

273 2472 468 2539 sunt?
554 2495 690 2539 non
743 2475 916 2540 enim
971 2474 1195 2541 solidis
1247 2473 1456 2540 causis
1502 2474 1890 2558 innituntur,
1935 2472 2048 2539 sed
2094 2473 2321 2538 eadem

273 2583 402 2646 qua
461 2563 759 2628 oriuntur
810 2563 1094 2629 vanitate
1146 2563 1506 2629 turbantur.
1598 2563 1816 2648 qualia
1860 2565 2078 2628 autem
2124 2565 2321 2647 putas

272 2671 411 2717 esse
467 2654 762 2737 tempora
820 2653 1014 2718 etiam
1067 2653 1359 2737 ipsorum
1414 2651 1817 2718 confessione
1861 2650 2121 2736 misera,
2166 2672 2319 2717 cum

269 2739 431 2806 haec
490 2761 776 2826 quoque,
835 2741 1068 2827 quibus
1127 2762 1197 2807 se
1255 2741 1568 2807 attollunt
1620 2744 1686 2806 et
1737 2761 1932 2825 super
1983 2739 2320 2806 hominem

201 2844 236 2893 4
271 2829 573 2914 efferunt,
627 2850 856 2914 parum
918 2831 1165 2896 sincera
1219 2829 1393 2895 sint?
1482 2829 1764 2896 maxima
1808 2850 2100 2914 quaeque
2143 2830 2323 2895 bona
2359 2848 2417 2888 so

271 2917 552 2984 sollicita
604 2923 758 2984 sunt
809 2941 929 2990 nec
982 2921 1102 2985 ulli
1151 2919 1450 2986 fortunae
1494 2919 1708 2986 minus
1753 2919 1915 2984 bene
1962 2939 2157 3002 quam
2203 2939 2322 3003 op-

269 3005 465 3080 timae
523 2998 830 3081 creditur.
894 3007 1022 3073 alia
1077 3007 1387 3079 felicitate
1446 3008 1527 3073 ad
1581 3008 1886 3076 tuendam
1940 3007 2323 3075 felicitatem

282 3251 296 3267 Ο
448 3180 486 3236 2
511 3179 627 3237 11110
655 3183 850 3238 eret
883 3181 972 3238 1111
997 3183 1054 3238 A
1088 3181 1111 3256 ΙΙ
1145 3181 1218 3238 15
1243 3146 1581 3254 magnitudo
1606 3182 1744 3254 volq.
1778 3181 2231 3253 magnitudinem
2261 3183 2326 3237 A

270 3267 335 3376 1·
449 3251 1316 3381 „mffluffssssffiffissffl
1355 3253 1521 3465 ξπ
1541 3253 1915 3381 md
1938 3252 2327 3426 ..amin

271 3389 346 3445 24
381 3407 548 3450 001101
576 3393 633 3457 A
670 3393 966 3465 (vimulum
1001 3395 1132 3451 add.
1159 3397 1283 3452 alia
1316 3397 1411 3465 m.)
1455 3394 1477 3469 ΙΙ
1522 3393 1596 3450 25
1633 3395 1787 3499 qluod
1821 3391 1987 3466 Α’(ἳ)
2026 3395 2153 3465 quit
2178 3393 2267 3451 A¹
2302 3401 2339 3458 n

271 3459 342 3516 27
381 3477 495 3532 qua
528 3477 668 3520 corr.
698 3480 766 3520 σω
801 3481 946 3534 quae
973 3466 1030 3521 A
1066 3465 1088 3539 ΙΙ
1120 3465 1194 3523 80
1230 3467 1570 3524 010001001οἠ
1593 3467 1679 3523 A¹
1715 3466 2071 3524 sincerasunt
2097 3465 2184 3523 A⁸
