2544 3746
138 1071 194 1111 10

140 1518 192 1559 15

138 1965 194 2004 20

393 98 494 153 AD
533 96 922 153 PAVLINVM
959 97 1057 152 DE
1093 96 1515 152 BREVITATE
1544 96 1768 152 VITAE
1806 96 1960 152 CAP.
1994 103 2058 152 13
2144 102 2273 167 299

232 242 672 331 ‘depugnant‘P
707 266 937 329 parum
967 246 1080 307 est.
1127 243 1581 308 lancinantur?
1618 265 1847 329 parum
1878 248 2000 309 est:
2028 244 2277 331 ingenti

229 335 400 400 mole
456 334 829 400 animalium
888 334 1285 399 exteranturl
1299 332 1317 359 ’
1408 334 1606 398 satius
1656 338 1791 398 erat
1835 334 1961 399 ista
2005 334 2075 398 in
2121 334 2278 401 obli·
2315 354 2345 402 ’τ

228 424 487 489 vionem
534 424 652 507 ire,
697 444 778 488 ne
819 423 960 505 quis
998 427 1226 507 postea
1261 424 1493 508 potens
1532 423 1803 489 disceret
1838 423 2279 509 invideretque

229 514 323 579 rei
383 513 647 579 minime
704 513 1043 579 humanae.
1137 535 1174 578 o
1232 517 1549 597 quantum
1605 512 1898 599 caliginis
1956 513 2276 579 mentibus

229 603 470 668 nostris
545 601 743 667 obicit
805 624 1042 688 magna
1105 602 1408 667 felicitas!
1497 602 1609 667 ille
1674 624 1741 668 se
1806 624 2001 685 supra
2062 624 2278 668 rerum

228 696 526 757 naturam
589 712 726 757 esse
786 696 943 757 tunc
1003 690 1300 775 credidit,
1360 712 1507 757 cum
1566 695 1669 756 tot
1728 692 2106 764 miserorum
2164 693 2277 757 ho-

231 783 479 847 minum
539 785 826 847 catervas
887 782 1007 847 sub
1069 781 1196 847 alio
1259 781 1438 847 caelo
1492 782 1661 845 natis
1716 782 1922 846 beluis
1981 781 2279 865 obiceret,

231 892 379 936 cum
433 872 678 936 bellum
733 871 904 935 inter
955 875 1090 935 tam
1148 870 1429 955 disparia
1483 870 1788 935 animalia
1832 872 2281 953 committeret,

230 983 380 1026 cum
433 959 502 1025 in
558 964 976 1045 conspectum
1024 961 1252 1045 populi
1298 958 1576 1025 Romani
1622 960 1901 1025 multum
1949 960 2278 1047 sanguinis

231 1049 529 1116 funderet
583 1072 738 1115 mox
790 1050 938 1135 plus
995 1051 1210 1134 ipsum
1256 1050 1525 1115 fundere
1571 1054 1940 1133 coacturus3
1996 1053 2062 1113 at
2108 1049 2277 1114 idem

230 1143 458 1223 postea
501 1138 941 1205 Alexandrina
993 1139 1266 1225 perfidia
1322 1139 1625 1223 deceptus
1673 1140 1906 1203 ultimo
1954 1139 2277 1222 mancipio

229 1229 785 1295 transfodiendum
862 1250 930 1293 se
1002 1229 1324 1313 praebuit,
1406 1232 1547 1294 tum
1622 1230 1879 1294 demum
1954 1229 2281 1293 intellecta

229 1319 408 1385 inani
462 1318 809 1385 iactatione
865 1318 1269 1404 cognominis
1327 1318 1447 1383 sui.
1540 1318 1650 1382 sed
1697 1322 1770 1381 ut
1817 1318 1930 1382 illo
1978 1322 2279 1401 revertar,

229 1408 401 1473 unde
457 1407 727 1491 decessi,
793 1411 855 1471 et
909 1408 978 1472 in
1043 1408 1262 1473 eadem
1329 1406 1600 1473 materia
1664 1407 1996 1472 ostendam
2064 1429 2281 1491 super-

229 1518 499 1563 vacuam
523 1496 950 1581 quorumdam
971 1496 1399 1583 diligentiam:
1438 1496 1608 1561 idem
1627 1497 1929 1561 narrabat
1947 1496 2279 1561 Metellum

231 1586 418 1651 victis
473 1587 545 1651 in
600 1583 820 1651 Sicilia
874 1584 1108 1651 Poenis
1163 1585 1675 1669 triumphantem
1730 1608 1931 1649 unum
1965 1586 2280 1650 ‘omnium

231 1674 676 1740 Romanorum
737 1678 887 1739 ante
948 1697 1209 1741 currum
1267 1679 1525 1741 centum
1582 1678 1649 1739 et
1702 1674 1934 1761 viginti
1990 1675 2279 1758 captivos

233 1764 610 1847 elephantos
659 1764 944 1848 duxisse3
1001 1762 1249 1829 Sullam
1297 1763 1599 1828 ultimum
1647 1762 2088 1829 Romanorum
2135 1785 2281 1847 pro-

231 1855 458 1920 tulisse
531 1854 920 1939 pomerium,
1004 1854 1178 1939 quod
1211 1917 1216 1922 ,
1248 1876 1607 1938 numquam
1680 1852 2087 1938 provinciali,
2171 1853 2280 1918 sed

231 1943 459 2025 Italico
526 1965 682 2030 agro
749 1943 1073 2028 adquisito
1139 1944 1428 2028 proferre
1493 1943 1691 2008 moris
1756 1947 1914 2027 aput
1977 1943 2279 2027 antiquos

232 2032 374 2097 fuit.
464 2033 592 2097 hoc
638 2033 799 2098 scire
848 2034 1052 2118 magis
1100 2032 1391 2116 prodest,
1440 2054 1631 2116 quam
1672 2031 2065 2098 Aventinum
2103 2054 2281 2098 mon-

233 2127 364 2186 tem
414 2126 595 2186 extra
639 2123 1002 2206 pomerium
1051 2143 1214 2205 esse,
1274 2128 1350 2187 ut
1395 2122 1503 2187 ille
1552 2122 1957 2206 adfirmabat,
2019 2125 2282 2206 propter

234 2214 501 2277 alteram
569 2234 647 2275 ex
713 2213 959 2277 duabus
1015 2212 1252 2295 causis,
1318 2216 1429 2276 aut
1485 2212 1657 2296 quod
1713 2212 1894 2297 plebs
1952 2234 2026 2276 eo
2083 2232 2317 2295 seces·⁴

235 2302 448 2384 sisset,
507 2305 619 2366 aut
677 2301 850 2386 quod
897 2301 1102 2366 Remo
1159 2302 1535 2385 auspicante
1591 2301 1704 2366 illo
1759 2303 1905 2366 loco
1954 2323 2102 2366 aves
2149 2322 2283 2365 non

141 2411 166 2450 ε
235 2390 657 2473 addixissent,
705 2391 832 2455 alia
868 2390 1167 2474 deinceps
1206 2391 1728 2474 innumerabilia,
1767 2393 2080 2474 quae-aut
2118 2391 2283 2455 farta

416 2619 447 2673 1
487 2621 677 2674 verba.-
716 2620 1047 2690 depugnant
1087 2663 1098 2675 .
1131 2664 1141 2674 .
1175 2662 1186 2673 .
1227 2620 1567 2674 exterantur.
1635 2620 1862 2688 Pompei
1898 2636 2007 2674 esse
2042 2619 2108 2674 de
2144 2625 2283 2675 sorte

233 2691 460 2746 illorum
495 2693 777 2746 hominum
813 2694 976 2762 quasi
1011 2693 1366 2746 deliberantis
1398 2692 1561 2746 Gertz
1591 2693 1873 2760 perspexit
1914 2690 1921 2762 Ι
1962 2690 2285 2744 lancinatur

234 2766 290 2817 A
349 2763 356 2834 Ι
411 2763 632 2831 ingenti
682 2780 817 2818 corr.
863 2780 931 2818 ex
979 2763 1174 2832 ingeni
1215 2763 1301 2818 A²
1344 2764 1364 2835 ΙΙ
1414 2763 1449 2816 2
1496 2761 1785 2816 obliuionfi
1827 2762 1912 2818 A¹
1956 2779 2093 2818 corr.
2137 2762 2221 2817 A⁵
2263 2762 2284 2864 ῌ

234 2835 270 2887 9
309 2835 368 2887 in
403 2850 508 2888 con
541 2837 796 2902 spectum
826 2836 881 2889 A
919 2835 980 2888 in
1009 2836 1315 2903 conspectu
1350 2835 1488 2904 voly.
1516 2833 1537 2904 Η
1572 2833 1643 2886 12
1678 2836 1836 2886 trans
1873 2832 2172 2886 fodiendus
2201 2835 2256 2888 A

235 2922 373 2960 corr.
411 2905 494 2959 ΑΞ
528 2908 548 2976 ξῇ
593 2905 664 2959 13
700 2907 953 2960 reuertar
987 2906 1139 2960 unde
1176 2905 1260 2960 A¹
1297 2921 1433 2960 corr.
1472 2921 1541 2959 ex
1581 2905 1975 2958 reuertamnde
2010 2906 2074 2958 in
2108 2922 2282 2975 ‘maa-9.

157 3031 176 3050 ‚
234 2975 344 3030 A⁶:
395 2974 734 3031 ireuertam
779 2976 800 3048 ΙΙ
848 2976 919 3031 14
957 2977 1186 3032 decessi.
1245 2978 1304 3031 et
1349 2979 1385 3044 (.
1426 2977 1484 3030 et
1520 2977 1584 3030 in
1618 2979 1750 3045 raa)
1789 2977 1873 3032 A³
1924 2976 2166 3031 decessit
2201 2976 2284 3032 A¹

236 3047 471 3102 discessi
517 3050 576 3102 et
611 3060 647 3102 ς
691 3049 896 3102 recessi
933 3050 994 3102 et
1028 3050 1186 3104 Pinc.
1226 3048 1380 3103 codd.
1430 3047 1451 3121 Η
1500 3046 1572 3101 16
1616 3047 1864 3101 insicilia
1900 3046 1986 3102 Δ)
2020 3050 2083 3102 in
2116 3065 2228 3104 ras.
2266 3047 2285 3120 ΙΙ

235 3118 308 3174 18
347 3118 550 3188 syllam
584 3119 851 3174 ultimum
889 3120 1112 3188 (timum
1139 3121 1204 3174 in
1229 3136 1339 3174 rae.
1370 3129 1439 3174 m‘.
1470 3121 1525 3189 3)
1554 3120 1609 3173 A
1637 3118 1657 3189 ΙΙ
1693 3119 1763 3173 19
1799 3117 2101 3188 prouiciali
2134 3120 2282 3188 (εἰσί)

235 3207 279 3246 s.
309 3208 358 3245 v.
389 3190 520 3245 add.
550 3191 636 3246 ,4³
669 3190 690 3263 Ιξ
725 3191 798 3246 20
827 3191 1112 3260 adquisito
1151 3190 1253 3260 (ito
1283 3193 1347 3245 in
1372 3208 1482 3246 ras.
1514 3192 1721 3246 maiore
1747 3208 1815 3245 m.
1845 3193 1903 3260 3)
1932 3192 1988 3246 A
2023 3190 2043 3261 ΙΙ
2078 3189 2147 3244 21
2176 3190 2283 3244 hoc

235 3263 294 3317 A
331 3261 474 3316 haec
505 3263 825 3332 Wesenberg]
859 3263 879 3332 ΙΙ
913 3261 986 3316 22
1011 3263 1327 3332 pomerium
1356 3261 1441 3318 A²
1476 3262 1801 3331 pompeium
1831 3263 1913 3316 A¹
1938 3262 1960 3334 Η
1994 3261 2067 3316 24
2096 3262 2284 3329 auspi·

239 3333 396 3387 canti
434 3334 755 3403 Wesenbery
789 3334 915 3401 fort.
953 3341 1092 3389 recte
1135 3335 1156 3406 Η
1201 3333 1274 3387 25
1311 3333 1677 3388 addixissent.
1743 3332 1875 3387 Alia
1914 3375 1926 3387 .
1961 3375 1971 3387 .
2005 3375 2017 3388 .
2057 3331 2279 3386 similia.

236 3419 372 3458 nam
409 3405 547 3475 τοῖς.
585 3405 1104 3475 ίηιενραπρεὺαΐανς
1139 3422 1278 3460 corr.
1320 3405 1487 3460 Gertz
1541 3406 1549 3475 Ι
1603 3404 1755 3458 farta
1792 3405 1847 3460 A
1892 3404 2057 3474 paria
2095 3405 2285 3458 Haase

241 3474 362 3544 (cfr.
393 3477 577 3546 praef.
605 3476 710 3532 vol.
742 3478 782 3531 1
803 3493 862 3546 p.
889 3477 1031 3546 VII)
1069 3476 1216 3531 fulta
1248 3476 1415 3532 Gertz
