2544 3746
236 60 288 113 X
1057 57 1476 119 PRAEFATIO

237 209 508 288 potuisse
569 209 715 286 quin
774 207 898 270 suis
959 227 1197 286 quoque
1255 207 1613 270 coniecturis
1661 201 1785 269 'aut
1835 208 2041 286 pravis
2100 211 2283 288 pessi-

238 318 474 359 morum
520 299 792 359 codicum
835 297 1192 358 lectionibus
1239 299 1505 376 genuina
1539 297 1725 359 verba
1758 299 2128 376 inquinaret,
2163 299 2285 360 iam

237 407 359 448 non
393 388 710 449 miraberis
748 381 883 470 (cfr.
910 409 970 465 p.
1002 390 1194 464 11‚13
1237 389 1476 465 15,10;
1515 389 1869 464 78,17.18.
1893 389 2007 465 2ος
2046 389 2285 465 82,18;

240 480 346 554 84,
366 479 435 554 2·
473 479 624 553 105,
643 479 716 553 43
753 478 904 553 207,
927 474 1057 556 18).
1148 479 1596 580 peropportune
1640 495 1784 537 vero
1830 477 2077 554 accidit,
2124 433 2287 554 quod

235 567 448 627 multis
491 565 642 626 locis
686 567 755 625 in
797 565 1126 626 maioribus
1172 565 1401 626 rasuris
1447 567 1679 668 primae
1722 585 1938 627 manus
1983 568 2287 643 scriptura

236 675 358 716 non
401 657 495 716 ita
539 655 738 716 deleta
782 658 899 732 est,
953 657 1025 716 ut
1082 674 1202 715 non
1250 657 1417 716 certa
1459 656 1729 733 priorum
1772 657 2035 734 vestigia
2079 675 2286 733 super-

237 747 388 821 sint,
449 745 660 806 multis
724 745 1154 805 consuetudine
1213 743 1453 805 librarii
1505 744 1828 824 diligenter
1881 745 2200 806 observata
2254 765 2285 805 0

234 852 458 913 magno
517 852 767 894 numero
827 833 1116 903 similium
1175 834 1614 894 correctionum
1668 836 1832 894 certo
1887 833 2081 896 dicere
2124 835 2286 911 licet,

236 922 383 1000 quid
428 923 542 984 sub
587 942 800 984 rasura
843 924 1053 984 lateat.
1111 919 1116 924 ’
1145 922 1470 983 dolendum
1516 927 1724 983 autem
1768 925 1887 1000 est,
1934 924 2101 1003 quod
2137 923 2284 985 satis

234 1013 430 1073 multa
464 1015 715 1089 restant,
753 1031 910 1091 quae
946 1014 1108 1072 certo
1147 1012 1413 1090 expediri
1448 1031 1570 1072 non
1605 1016 1881 1090 possunt,
1918 1031 2054 1072 cum
2089 1012 2288 1091 prima

235 1103 536 1179 scriptura
580 1120 822 1178 pessum
867 1098 1014 1162 data
1055 1103 1121 1162 111
1166 1101 1401 1163 lubrico
1446 1120 1756 1163 versemur
1790 1096 1927 1185 (cfr.
1954 1123 2015 1180 p.
2049 1104 2151 1178 15,
2174 1105 2287 1179 10,

240 1194 343 1266 79,
375 1194 442 1267 9;
503 1192 650 1267 105,
681 1195 751 1268 4·
808 1192 956 1267 197,
988 1193 1056 1267 7·
1114 1193 1263 1268 206,
1296 1193 1406 1268 14,
1464 1193 1613 1267 301,
1644 1193 1712 1268 63
1769 1184 2082 1272 357,16).
2172 1191 2287 1252 hoc

236 1301 424 1340 unum
485 1280 828 1342 addendum
885 1280 1143 1357 videtur,
1189 1299 1228 1340 a
1271 1300 1459 1342 manu
1514 1235 1727 1359 quinta
1775 1281 1975 1340 multa
2029 1301 2286 1358 quoque,

236 1388 390 1446 quae
434 1369 775 1446 temporum
818 1369 1050 1430 invidia
1093 1389 1284 1447 paene
1330 1371 1726 1442 evanuerant,
1780 1371 1834 1430 si
1893 1389 2016 1430 11011
2062 1371 2286 1448 ubique

237 1453 371 1540 (cfr.
399 1479 459 1536 Ρ.
490 1461 594 1533 34,
617 1460 729 1534 20;
777 1461 882 1535 37,
903 1450 1002 1540 8),
1066 1461 1134 1518 at
1195 1459 1477 1536 plurimis
1542 1461 1767 1519 tamen.
1810 1459 1959 1520 10013
2026 1459 2287 1520 fideliter

235 1547 646 1626 redintegrata
691 1566 834 1609 esse.

415 1637 660 1697 Sextam
731 1637 988 1716 denique
1059 1656 1308 1696 manum
1370 1630 1519 1720 (A⁶)
1592 1638 1859 1698 eiusdem
1931 1636 2149 1697 aetatis
2224 1640 2288 1697 et

237 1725 561 1787 atramenti
597 1726 794 1786 colore
829 1727 1289 1803 litterarumque
1326 1726 1535 1786 formis
1576 1727 1699 1786 fere
1736 1727 1997 1787 similem
2034 1727 2285 1804 quintae

235 1816 362 1875 cod.
407 1814 844 1878 Ambrosianus
909 1834 1118 1893 passus
1184 1818 1292 1877 est.
1385 1818 1446 1876 et
1507 1815 1606 1877 hic
1671 1815 1915 1893 quidem
1969 1818 2285 1892 corrector,

237 1923 606 1983 quamquam
649 1906 880 1966 rasuris
925 1924 1047 1965 non
1082 1925 1319 1983 semper
1355 1905 1644 1981 abstinet,
1680 1907 2038 1983 plerumque
2078 1909 2286 1966 tamen

235 2014 420 2072 supra
463 2013 707 2055 versum
751 1994 847 2055 vel
893 1994 957 2054 in
1004 1994 1277 2073 margine
1314 1994 1599 2056 lectiones
1637 2014 1776 2056 suas
1814 1996 1905 2055 ita
1943 1994 2285 2077 adscripsit,

234 2086 305 2143 ut
347 2085 507 2163 sigla
543 2086 570 2148 1
613 2074 797 2166 (001)-
793 2084 886 2146 -αἰ
925 2075 1171 2165 (alias)
1187 2090 1271 2143 c!-
1318 2076 1755 2166 (corriqendtm
1808 2076 1919 2164 est)
1971 2084 2057 2145 eis
2112 2103 2285 2162 prae·

233 2176 499 2250 poneret.
589 2172 894 2233 interdum
940 2191 1013 2232 ea
1055 2174 1324 2275 tantum,
1382 2192 1539 2250 quae
1591 2173 1717 2233 iam
1770 2193 1809 2232 a
1852 2173 2053 2250 priore
2098 2192 2286 2233 manu

235 2264 501 2322 correcta
547 2265 736 2339 erant,
781 2264 847 2321 in
886 2261 1162 2340 margine
1205 2263 1448 2340 repetit,
1492 2262 1794 2323 interdum
1829 2262 2018 2323 bonas
2056 2282 2285 2323 correc-

232 2352 427 2413 tiones
474 2351 674 2427 affert,
727 2352 899 2411 velut
953 2351 1109 2413 illud
1155 2354 1315 2411 estur
1357 2372 1418 2428 p.
1451 2354 1598 2428 124,
1630 2353 1733 2427 28,
1790 2351 2097 2412 interdum
2153 2354 2288 2412 tam

233 2442 471 2517 ineptas
517 2459 588 2501 ac
632 2439 942 2516 ridiculas,
986 2443 1059 2499 ut
1104 2440 1384 2501 dubitare
1428 2442 1651 2518 poesie,
1704 2460 1851 2501 num
1898 2439 2075 2501 Gertz
2118 2444 2287 2501 recte

231 2529 617 2605 iudicaverit,
669 2530 810 2591 illas
863 2529 1054 2590 bonas
1097 2529 1341 2609 ingenio
1386 2530 1593 2606 potius
1638 2531 1769 2591 eius
1815 2548 1999 2609 quam
2059 2530 2287 2591 codicis

235 2618 490 2679 alicuius
528 2619 754 2679 auxilio
792 2618 1010 2681 deberi.
1083 2620 1241 2679 hanc
1280 2638 1521 2697 quoque
1557 2637 1805 2679 manum
1841 2619 2071 2680 scholia
2098 2614 2289 2696 atque

232 2708 771 2785 interpretamenta
813 2708 1142 2769 maximam
1186 2710 1423 2786 partem
1467 2708 1823 2770 brevissima
1868 2706 2030 2768 inter
2073 2727 2288 2769 versus

235 2796 640 2874 adscripsisse,
685 2798 752 2860 in
795 2800 1150 2858 transcursu
1191 2797 1546 2857 monuerim.

405 2886 736 2963 Reliquum
793 2888 910 2963 est,
969 2888 1040 2946 ut
1094 2886 1167 2945 de
1223 2905 1348 2946 una
1400 2886 1513 2946 illa
1559 2888 1813 2966 pagina,
1870 2905 2055 2964 quam
2100 2903 2290 2964 supra

233 2977 719 3052 commemoravi,
766 2975 894 3037 cod.
922 2976 1027 3035 fol.
1055 2975 1175 3034 ΧΠ
1201 2997 1248 3035 r.
1261 3020 1278 3051 ,
1320 2993 1520 3052 pauca
1564 2976 1662 3035 1110
1693 2975 2074 3055 subiungam.
2140 2993 2287 3035 con-

232 3064 387 3123 tinet
430 3064 574 3125 libri
607 3064 639 3123 I
686 3064 758 3124 de
803 3066 896 3125 ira
941 3084 990 3125 0.
1030 3068 1065 3124 1
1109 3068 1171 3125 et
1209 3067 1247 3124 2
1297 3068 1363 3124 et*
1404 3065 1629 3141 scripta
1674 3066 1767 3125 est
1810 3084 1996 3124 manu
2042 3064 2289 3125 diversa

231 3154 296 3212 in
342 3153 566 3230 spatiO,
616 3154 779 3231 quod
822 3173 1082 3215 vacuum
1123 3154 1460 3231 reliquerat
1502 3154 1731 3231 primus
1776 3154 2086 3230 librarius,
2142 3171 2288 3213 cum

234 3243 518 3302 sensisset
549 3244 746 3303 multa
779 3244 880 3303 1110
913 3245 980 3303 111
1015 3243 1216 3303 codice
1255 3244 1582 3320 archetypo
1618 3243 1837 3304 deesse.
1886 3242 1952 3302 id
1986 3261 2107 3302 non
2135 3246 2287 3303 ante

236 3348 389 3389 31100.
415 3330 578 3406 ΧΠ,
623 3331 880 3393 fortasse
924 3332 1108 3395 etiam
1153 3333 1391 3393 saeculo
1428 3332 1542 3391 XV
1577 3333 1803 3393 factum
1839 3350 1965 3394 esse
2002 3330 2180 3392 Gertz
2218 3335 2291 3393 et

234 3416 447 3477 Loewe
485 3420 950 3482 consentiebant.
1011 3423 1168 3482 hano
1201 3430 1451 3481 manum
1482 3419 1658 3483 Gertz
1693 3421 1901 3483 littera
1928 3440 1969 3482 a
1994 3420 2283 3501 signavit.

2507 779 2525 1167 v——n-—-¹.
2515 509 2525 774 ..ψ-,-
2520 173 2525 502 -————-—
