2544 3746
126 992 181 1031 1⁰

123 1438 178 1479 15

119 2333 176 2375 26

740 16 839 71 DE
876 16 1004 71 IRA
1041 16 1174 70 LIB.
1205 16 1299 71 111.
1366 16 1519 72 GAP.
1554 22 1737 73 13.14
2144 22 2268 86 123

225 164 418 229 etiam
466 163 864 250 gravissimis
910 164 1098 228 rebus
1147 163 1505 248 subitisque
1552 184 1901 229 concussus
1949 164 2111 229 iram
2158 169 2269 228 aut

221 275 356 319 non
411 253 646 319 sentiat
691 256 804 318 aut
856 252 1301 339 magnitudine
1355 252 1724 337 inopinatae
1771 253 2043 319 iniuriae
2089 275 2267 318 exor—

221 347 355 408 tam
405 343 475 407 in
530 344 730 407 altum
789 343 1074 407 retrahat
1127 364 1245 408 nec
1297 342 1587 407 dolorem
1636 364 1823 407 suum
1868 343 2264 427 profiteatur.

221 432 288 498 id
324 432 467 498 fieri
504 454 692 517 posse
729 425 1088 517 apparebit,
1129 432 1184 497 si
1219 453 1426 516 pauca
1452 454 1534 496 ex
1558 432 1749 497 turba
1775 432 2024 518 ingenti
2060 453 2267 497 exem·
2306 448 2337 497 ’1

218 522 333 607 pla
378 522 740 607 protulere,
785 543 865 586 ex
907 521 1140 606 quibus
1181 525 1530 605 utrumque
1567 521 1808 587 discere
1844 522 2023 605 licet,
2069 544 2267 606 quan-
2302 524 2305 528 ’

219 616 362 677 tum
401 612 557 676 mali
591 611 826 677 habeat
872 612 994 694 ira,
1048 611 1160 675 ubi
1205 610 1546 676 hominum
1592 612 2108 696 praepotentium
2154 633 2267 696 po·

218 704 452 767 testate
497 704 638 766 tota
682 700 905 784 utitur,
953 704 1265 784 quantum
1324 701 1449 766 sibi
1508 701 1822 784 imperare
1866 701 2100 785 possit,
2155 701 2268 765 ubi

218 794 398 855 metu
442 791 686 856 maiore
731 811 1100 875 compressa
1144 794 1258 856 est.

400 878 576 945 XIV.
642 878 1002 964 Cambysen
1051 901 1267 966 regem
1322 880 1518 944 nimis
1565 879 1853 943 deditum
1889 879 2041 943 vino
2082 878 2267 943 Prae·
2305 895 2334 944 1

217 992 451 1054 xaspes
498 991 665 1036 unus
712 991 794 1034 ex
829 970 1178 1035 carissimis
1215 970 1545 1051 monebat,
1591 972 1666 1033 ut
1701 969 1956 1053 parcius
2002 968 2268 1052 biberet,

217 1062 478 1145 turpem
523 1081 661 1125 esse
707 1058 923 1124 dicens
973 1059 1345 1124 ebrietatem
1391 1060 1461 1123 in
1505 1080 1681 1144 rege,
1736 1078 1927 1143 quem
1975 1058 2266 1122 011111111111

219 1150 398 1215 001111
442 1170 754 1233 auresque
801 1151 1233 1233 sequerentur.
1296 1146 1375 1213 ad
1419 1149 1578 1213 11330
1623 1148 1761 1212 ille·
1800 1147 1895 1212 ‘ut
1940 1147 2127 1213 scias’
2175 1149 2267 1212 in-

220 1240 365 1323 quit
420 1238 986 1323 ‘quemadmodum
1045 1259 1402 1322 numquam
1457 1236 1747 1303 excidam
1794 1236 1985 1320 mihi,
2040 1237 2266 1322 adpro-

215 1328 386 1394 babo
435 1329 564 1393 iam
613 1330 678 1393 et
724 1329 948 1394 oculos
994 1331 1144 1412 post
1188 1328 1415 1393 vinum
1470 1328 1539 1391 in
1585 1326 1805 1392 officio
1852 1349 1989 1392 esse
2036 1330 2100 1391 et
2136 1349 2266 1392 ma·

216 1417 382 1483 nus?
471 1415 638 1483 bibit
685 1417 912 1483 deinde
963 1417 1294 1483 liberalius
1354 1439 1546 1501 quam
1608 1416 1767 1482 alias
1826 1416 2265 1499 capacioribus
2302 1430 2333 1477 2

218 1506 483 1593 scyphis
548 1511 614 1572 et
673 1508 803 1573 iam
858 1507 1072 1593 gravis
1128 1528 1203 1572 ac
1263 1506 1631 1571 vinolentus
1688 1506 2119 1591 obiurgatoris
2167 1507 2267 1572 sui

217 1596 430 1662 filium
493 1596 840 1681 procedere
900 1597 1072 1662 ultra
1129 1596 1333 1662 limen
1386 1595 1563 1660 iubet
1608 1595 2026 1679 adlevataque
2074 1618 2267 1680 super

218 1689 418 1771 caput
463 1686 724 1753 sinistra
769 1707 965 1751 manu
1013 1688 1196 1752 stare.
1271 1690 1428 1751 tunc
1472 1684 1751 1750 intendit
1796 1706 2014 1750 arcum
2062 1688 2126 1749 et
2172 1686 2265 1769 ip-

219 1797 364 1841 sum
421 1797 535 1842 cor
579 1775 1036 1859 adulescentis,
1090 1775 1157 1840 id
1203 1776 1376 1841 enim
1422 1778 1638 1860 petere
1686 1796 1753 1840 se
1801 1774 2072 1858 dixerat,
2119 1774 2267 1860 figit

217 1866 620 1951 rescissoque
655 1868 916 1951 pectore
952 1866 1219 1932 haerens
1258 1866 1328 1930 in
1372 1864 1513 1950 ipso
1562 1864 1753 1930 corde
1800 1864 2121 1950 spiculum
2168 1886 2268 1930 os-

216 1955 428 2022 tendit
464 1978 540 2022 30
583 1957 931 2041 respiciens
968 1959 1218 2041 patrem
1255 1955 1707 2042 interrogavit,
1752 1955 1989 2020 satisne
2027 1957 2267 2020 certam

216 2045 486 2111 haberet
543 2064 822 2110 manum.
931 2049 997 2111 at
1055 2045 1165 2110 ille
1223 2045 1487 2131 negavit
1544 2042 1918 2129 Apollinem
1979 2044 2267 2128 potuisse

217 2135 458 2201 certius
505 2135 774 2200 mittere.
879 2135 969 2201 dii
1025 2135 1211 2199 illum
1274 2135 1441 2200 male
1476 2133 1749 2219 perdant
1794 2133 2010 2200 animo
2058 2134 2265 2220 magis
2302 2145 2335 2194 3

218 2246 417 2309 quam
477 2224 854 2290 condicione
913 2225 1343 2309 mancipium!
1407 2223 1544 2290 eius
1608 2224 1704 2289 rei
1760 2221 2059 2288 laudator
2112 2223 2265 2307 fuit,

217 2315 405 2380 cuius
451 2315 646 2380 nimis
693 2319 830 2380 erat
875 2319 1303 2400 spectatorem
1348 2314 1564 2380 fuisse.
1650 2313 2053 2379 occasionem
2088 2313 2265 2377 blan-

218 2403 527 2470 ditiarum
576 2405 830 2489 putavit
875 2408 1100 2489 pectus
1144 2403 1270 2469 filii
1325 2403 1395 2469 in
1448 2402 1606 2468 duas
1663 2406 1876 2487 partes
1931 2401 2265 2468 diductum

217 2497 286 2558 et
331 2515 445 2560 cor
491 2494 608 2559 sub
656 2495 918 2559 vulnere
966 2493 1318 2579 palpitans:
1366 2493 1869 2558 controversiam
1914 2491 2012 2556 illi
2058 2491 2265 2556 facere

216 2583 299 2648 de
344 2583 555 2669 gloria
599 2581 822 2649 debuit
865 2586 930 2648 et
971 2604 1272 2649 revocare
1309 2583 1576 2665 iactum,
1622 2585 1699 2645 ut
1742 2581 1881 2667 regi
1923 2580 2153 2646 liberet
2198 2582 2267 2645 in

215 2673 364 2758 ipso
411 2675 594 2757 patre
640 2673 977 2739 certiorem
1024 2693 1288 2737 manum
1325 2671 1684 2738 ostendere!
1778 2693 1815 2735 o
1863 2692 2081 2757 regem
2129 2692 2267 2736 cru·
2302 2682 2335 2730 4

215 2763 470 2828 entum!
579 2783 618 2826 o
684 2762 954 2849 dignum
1017 2762 1089 2826 in
1150 2783 1343 2846 quem
1409 2761 1699 2826 omnium
1757 2781 2020 2826 suorum
2082 2781 2265 2826 arcus

214 2851 645 2917 verterentur!
762 2874 910 2918 cum
984 2851 1263 2917 execrati
1334 2851 1644 2916 fuerimus
1722 2851 1909 2915 illum
1970 2850 2267 2916 convivia

217 2939 557 3026 suppliciis
595 2940 1054 3025 funeribusque
1092 2941 1475 3024 solventem,
1517 2944 1735 3004 tamen
1771 2939 2138 3004 sceleratius
2176 2942 2265 3003 te-

212 3032 356 3095 lum
402 3028 567 3095 illud
601 3029 936 3096 laudatum
982 3031 1080 3094 est
1118 3051 1311 3114 quam
1348 3030 1637 3095 missum.
1703 3027 2061 3092 videbimus
2110 3049 2265 3110 quo-

397 3186 434 3242 ..
471 3187 682 3244 sentiat
709 3187 794 3244 ,Αὅ
829 3187 1081 3244 sentiant
1106 3187 1191 3243 A¹
1225 3188 1246 3259 ΙΙ
1279 3186 1318 3242 8
1352 3187 1414 3242 111
1452 3186 1629 3241 altum
1666 3187 1862 3242 eret
1896 3185 2135 3256 inaljum
2164 3187 2219 3240 A
2244 3187 2266 3259 ΙΙ

210 3260 250 3316 9
297 3259 647 3330 Praexaspes
692 3261 1008 3317 Rudanas
1055 3259 1339 3330 (Herodot
1370 3261 1482 3314 ΙΙΙ
1502 3263 1575 3315 34
1589 3261 1690 3330 sq.)
1738 3258 2125 3342 11331111331133
2152 3260 2209 3314 A
2244 3267 2265 3321 Η
2342 3275 2345 3278 ·

211 3331 290 3388 16
326 3335 384 3386 et
417 3332 534 3387 iam
562 3331 650 3388 A⁵
674 3333 740 3388 in
772 3348 883 3388 rae.
919 3331 959 3417 ΙΙ
984 3330 1058 3387 2⁰
1092 3331 1477 3404 rescissolsque
1508 3332 1563 3385 A
1600 3334 1757 3402 (erae.
1788 3333 1835 3400 s)
1877 3330 1897 3402 Η
1940 3329 2011 3384 28
2048 3331 2261 3384 iactum

211 3405 272 3460 A
333 3407 486 3460 ctum
523 3405 784 3475 Lipsius,
820 3405 1026 3461 rectius
1061 3410 1126 3459 ut
1160 3403 1270 3459 vid.
1302 3403 1369 3458 de
1402 3404 1611 3473 sayitta

2498 2317 2544 2794 Hffissibuxnl
2501 2151 2544 2246 831·
2503 1678 2544 2086 mannua-us
2507 1200 2544 1615 unns-intra

2497 2859 2544 3004 im.
