2544 3746
257 46 300 109 2
667 42 730 96 L.
769 40 1054 96 ANNAEI
1091 39 1421 96 SENECAE
1458 39 1648 94 DIAL.
1677 39 1812 95 LIB.
1840 38 1883 94 1.

257 189 564 253 materiae
649 188 919 254 errantis
1000 188 1176 251 hunc
1256 186 1550 251 ordinem
1629 205 1751 251 nec
1822 205 1987 270 quae
2059 188 2300 250 temere

259 279 552 344 coierunt
595 279 780 342 tanta
823 280 960 342 arte
1002 275 1311 361 pendere,
1356 278 1431 340 ut
1476 279 1791 340 terrarum
1846 273 2300 375 gravissimum

257 367 511 450 pondus
573 365 791 432 sedeat
849 367 1192 430 immotum
1250 368 1317 430 et
1361 365 1531 430 circa
1576 385 1645 429 33
1672 364 2091 466 ‘properantis
2140 359 2302 428 caeli

259 457 482 540 fugam
529 459 805 541 spectet,
850 458 924 518 ut
959 453 1176 518 infusa
1209 454 1489 520 vallibus
1528 453 1730 518 maria
1766 453 2062 518 molliant
2096 458 2302 518 terras

257 565 378 608 nec
421 545 632 611 ullum
678 545 1146 609 incrementum
1193 542 1538 608 fluminum
1584 542 1897 625 sentiant,
1940 547 2016 606 ut
2060 565 2141 607 ex
2186 544 2305 606 mi·
2371 559 2395 600 ⁵

259 633 478 716 1111111.
515 632 867 698 seminibus
927 636 1276 698 nascantur
1333 630 1641 719 ingentia.
1730 654 1815 697 113
1868 631 1981 696 1113
2041 628 2305 714 quidem

261 745 425 807 quae
462 723 764 788 videntur
800 721 1069 787 confusa
1105 725 1172 787 et
1205 722 1480 806 incerta,
1514 721 1769 806 pluvias
1798 721 1942 786 dico
1970 720 2307 806 nubesque

260 816 326 876 et
363 811 668 879 elisorum
705 811 1054 876 fulminum
1091 811 1299 876 iactus
1329 813 1395 876 et
1420 810 1718 876 incendia
1742 809 1953 896 ruptis
1983 809 2305 876 montium

259 901 609 966 verticibus
669 901 900 984 effusa,
957 903 1270 965 tremores
1329 899 1610 965 labantis
1672 900 1795 965 soli
1840 900 2094 983 aliaque
2140 919 2307 984 quae

259 990 664 1055 tumultuosa
696 1011 846 1074 pars
883 1011 1099 1054 rerum
1137 990 1307 1054 circa
1342 994 1545 1054 terras
1581 992 1829 1072 movet,
1864 991 2002 1054 sine
2036 989 2310 1072 ratione,
2348 1006 2400 1048 ιο

262 1079 556 1162 quamvis
603 1078 819 1144 subita
865 1078 1026 1161 sint,
1072 1078 1401 1162 accidunt,
1458 1077 1569 1142 sed
1616 1099 1765 1142 suas
1812 1081 1878 1143 et
1922 1078 2036 1143 illa
2081 1097 2309 1144 0311333

257 1168 502 1233 habent
558 1189 693 1233 non
751 1167 965 1232 minus
1029 1188 1224 1251 quam
1271 1188 1439 1251 quae
1484 1166 1709 1232 alienis
1753 1167 1915 1232 locis
1962 1169 2313 1251 conspecta
2344 1221 2370 1246 ,

259 1257 572 1323 miraculo
634 1259 814 1340 sunt,
872 1261 947 1322 ut
1004 1256 1075 1320 in
1133 1256 1363 1322 mediis
1422 1255 1729 1322 fluctibus
1776 1257 2056 1322 calentes
2103 1278 2311 1339 aquae

260 1351 326 1411 et
382 1368 554 1410 nova
610 1345 968 1410 insularum
1028 1345 1099 1410 in
1142 1349 1328 1410 vasto
1390 1345 1825 1410 exsilientium
1872 1347 2033 1412 mari
2080 1347 2311 1430 spatia.

259 1435 389 1498 iam
433 1456 587 1499 vero
649 1435 706 1498 si
765 1434 909 1519 quis
966 1434 1403 1500 observaverit
1447 1434 1679 1500 nudari
1722 1435 1917 1500 litora
1962 1437 2193 1521 pelago
2242 1436 2313 1500 in
2350 1457 2404 1496 ιε»

261 1545 328 1588 33
383 1524 722 1588 recedente
779 1523 1130 1607 eademque
1175 1524 1349 1588 intra
1394 1523 1704 1610 exiguum
1748 1528 2006 1608 tempus
2054 1522 2314 1608 operiri,

261 1613 480 1678 credet
526 1633 715 1677 caeca
763 1611 1041 1714 quadam
1087 1613 1491 1678 volutatione
1537 1613 1732 1678 modo
1772 1611 2067 1680 contrahi
2104 1613 2311 1678 undas

260 1706 326 1767 et
396 1703 751 1768 introrsum
815 1702 950 1788 agi,
1021 1701 1216 1767 modo
1286 1724 1621 1786 erumpere
1686 1705 1752 1767 et
1813 1723 2051 1788 magno
2117 1722 2313 1768 cursu

257 1794 548 1876 repetere
613 1791 830 1856 sedem
890 1812 1103 1873 suam,
1167 1813 1315 1856 cum
1376 1791 1637 1857 interim
1696 1791 1848 1855 illae
1901 1791 2313 1877 portionibus

261 1887 559 1947 crescunt
631 1886 697 1945 et
769 1880 851 1945 ad
921 1880 1152 1946 horam
1225 1902 1303 1946 ac
1376 1880 1548 1947 diem
1620 1880 1904 1945 subeunt
1965 1882 2313 1966 ampliores
2350 1902 2407 1943 20

261 1970 698 2055 minoresque,
756 1973 954 2054 prout
996 1970 1143 2035 illas
1188 1971 1415 2035 lunare
1462 1970 1639 2049 sidus
1686 1969 1936 2055 elicuit,
1998 1970 2080 2035 ad
2127 1971 2314 2037 cuius

260 2059 601 2125 arbitrium
648 2080 926 2125 oceanus
973 2060 1275 2125 exundat
1356 2080 1474 2125 suo
1512 2058 1639 2124 ista
1674 2060 1955 2145 tempori
1988 2081 2317 2126 reserven-

261 2153 396 2233 tur,
454 2170 530 2214 eo
588 2148 849 2232 quidem
893 2148 1108 2251 magis
1151 2149 1326 2233 quod
1370 2152 1446 2213 tu
1490 2170 1641 2215 non
1669 2148 1930 2214 dubitas
1977 2148 2056 2214 de
2100 2149 2317 2234 provi-

261 2237 480 2303 dentia
533 2238 647 2303 sed
694 2238 998 2323 quereris.
1089 2238 1160 2301 in
1205 2238 1484 2323 gratiam
1529 2242 1597 2303 te
1640 2238 1946 2339 reducam
1992 2259 2142 2305 cum
2187 2239 2315 2304 diis

261 2328 567 2393 adversus
629 2327 911 2411 optimos
970 2326 1252 2411 optimis.
1342 2348 1555 2411 neque
1601 2326 1775 2393 enim
1818 2349 2035 2393 rerum
2080 2332 2318 2393 natura
2354 2349 2409 2391 25

259 2416 508 2502 patitur
569 2419 646 2481 ut
706 2437 994 2501 unquam
1054 2415 1228 2481 bona
1287 2415 1475 2481 bonis
1522 2420 1827 2501 noceant3
1892 2417 2063 2482 inter
2104 2416 2317 2483 bonos

261 2506 434 2571 viros
471 2526 548 2571 30
585 2505 738 2571 (1303
776 2505 1062 2571 amicitia
1097 2509 1197 2571 est
1233 2506 1620 2571 conciliante
1646 2506 1907 2571 virtute
1960 2506 2314 2572 amicitiam

262 2594 452 2661 dico‘?
517 2595 718 2659 immo
767 2594 962 2660 etiam
1008 2593 1417 2660 necessitudo
1467 2598 1533 2661 et
1580 2595 1969 2680 similitudo,
2005 2598 2317 2681 quoniam

263 2684 524 2768 quidem
571 2683 781 2748 bonus
819 2687 1112 2768 tempore
1146 2686 1404 2750 tantum
1443 2706 1482 2747 a
1518 2684 1638 2749 deo
1678 2684 1910 2767 differt,
1956 2686 2317 2770 discipulus

439 2911 477 2967 4
511 2914 579 2966 ut
612 2910 803 2967 intusa
831 2912 890 2970 A
914 2913 982 2965 ut
1007 2927 1112 2967 1130
1136 2910 1329 2966 infusa
1354 2928 1423 2966 ex
1451 2928 1484 2970 ς
1512 2912 1850 2968 commendat
1874 2930 1988 2968 van
2014 2914 2112 2968 der
2140 2914 2319 2982 Vliet;

259 2984 406 3041 illud
435 2983 599 3040 Gertz
633 2989 780 3038 recte
808 2990 952 3039 tenet
979 2984 1098 3040 coll.
1127 2984 1280 3038 Ptin.
1302 2988 1418 3039 nat.
1440 2984 1564 3038 hist.
1586 2984 1664 3038 11
1683 2983 1894 3055 §1661
1924 2984 1953 3039 7
1982 2983 2210 3054 plubias
2230 2986 2319 3041 ΑΙ

262 3072 401 3112 corr.
430 3073 502 3117 m.
532 3060 572 3111 2
607 3054 629 3127 ΙΙ
664 3054 700 3109 8
735 3054 941 3109 iactuis
969 3056 1026 3109 A
1061 3053 1082 3126 Η
1116 3053 1189 3109 10
1224 3056 1523 3111 moventur
1558 3056 1698 3110 coni.
1737 3056 1820 3110 W.
1886 2984 2093 3123 ¹emoll,
2128 3057 2216 3112 ita
2250 3064 2319 3112 ut

261 3141 426 3253 31213130
455 3126 843 3253 ψόὼααὲιαᾶι
860 3125 1229 3253 ἑξηιέἰίὲαοειε.
1263 3142 1407 3253 pal}
1430 3140 1621 3252 ι13111113
1652 3142 1797 3195 appo
1682 3126 2161 3268 ppmzsitiongslloco
2184 3129 2262 3184 sit
2296 3127 2320 3201 Η

265 3286 374 3339 que
403 3214 516 3339 Συ(
517 3214 669 3338 qliev
691 3284 784 3335 vc,
822 3286 894 3323 ne
938 3198 1019 3325 sali:
1054 3213 1295 3339 3110ῗᾷιῖ
1295 3214 1353 3325 sa
1378 3196 2318 3339 μαεζῖἒίοῗῗίὸαεπυιὲοῶωωέῗῗᾶῗ

263 3272 570 3467 {mangis-g}
607 3311 964 3480 3ssssva
970 3342 1062 3467 (20
1096 3340 1207 3397 vid.
1237 3343 1400 3411 erac.)
1452 3340 1459 3414 Ι
1510 3340 1801 3411 sedqueris
1828 3340 1914 3396 Α)
1948 3358 2087 3399 corr.
2115 3359 2187 3398 m.
2216 3347 2257 3397 2
2295 3340 2319 3415 ΙΙ
