2544 3746
240 100 371 165 262
633 96 696 150 L.
726 94 1012 151 ANNAEI
1049 94 1380 151 SENECAE
1418 95 1607 153 DIAL.
1637 95 1773 152 Lm.
1802 94 1895 149 IX.

240 264 368 327 quo
449 242 946 307 innumerabiles
1027 242 1228 308 libros
1312 245 1377 306 et
1448 242 1923 327 bybliothecas,
2013 262 2290 326 quarum

238 332 537 397 dominus
583 330 695 396 vix
739 335 878 397 tota
922 332 1058 396 vita
1101 332 1345 397 indices
1392 331 1710 419 perlegit?
1784 334 2009 397 onerat
2044 332 2291 397 discen-

237 426 369 487 tem
424 422 642 505 turba,
704 443 839 488 non
892 421 1184 505 instruit,
1246 421 1584 505 multoque
1644 420 1845 487 satius
1906 424 2004 487 est
2061 420 2291 505 paucis
2358 440 2385 457 ·

238 516 303 577 te
361 510 734 576 auctoribus
780 510 1057 593 tradere,
1123 531 1319 593 quam
1365 533 1575 576 errare
1620 532 1740 595 per
1783 511 2040 576 multos.
2135 532 2291 594 qua-

239 600 538 685 draginta
582 600 764 665 milia
807 600 1123 664 librorum
1161 596 1591 665 Alexandriae
1628 604 1948 683 arserunt3
1991 599 2291 683 pulcher-

238 690 476 756 rimum
520 690 735 775 regiae
781 688 1148 773 opulentiae
1186 689 1654 754 monimentum
1701 688 1867 753 alius
1910 688 2291 773 laudaverit,

240 780 408 844 sicut
451 778 522 843 Τ.
570 778 819 863 Livius,
885 778 997 863 qui
1057 778 1411 864 elegantiae
1476 801 1703 865 regum
1749 799 2065 861 curaeque
2112 798 2289 863 egre-

239 869 418 954 gium
478 868 545 931 id
606 890 768 952 opus
830 868 922 933 ait
964 867 1188 933 fuisse:
1247 891 1385 933 non
1428 868 1555 932 fuit
1600 868 1921 954 elegantia
1964 866 2128 932 illud
2174 872 2291 932 aut

237 979 433 1059 cura&
473 956 586 1022 sed
633 957 922 1022 studiosa
965 944 1248 1040 luxuria,
1295 958 1494 1022 immo
1541 980 1624 1022 ne
1670 958 1961 1024 studiosa
2008 956 2290 1041 quidem,

238 1046 542 1130 quoniam
587 1067 721 1110 non
761 1046 831 1110 in
876 1046 1161 1112 studium
1208 1045 1320 1113 sed
1366 1047 1435 1111 in
1482 1048 1920 1132 spectaculum
1956 1068 2288 1131 compara—

236 1141 480 1219 verant,
507 1136 675 1202 sicut
701 1134 1072 1220 plerisque
1053 1137 1299 1223 ignaris
1326 1138 1522 1203 etiam
1550 1135 1897 1221 puerilium
1923 1136 2288 1201 litterarum

233 1225 384 1291 libri
426 1248 562 1291 non
608 1226 967 1291 studiorum
1013 1226 1444 1293 instrumenta
1490 1226 1603 1291 sed
1652 1225 2064 1292 cenationum
2102 1248 2287 1290 orna-

235 1318 451 1379 menta
487 1318 654 1379 sunt.
727 1319 992 1399 paretur
1026 1314 1246 1399 itaque
1282 1316 1598 1380 librorum
1617 1319 1950 1434 ‘quantum
1988 1314 2144 1379 satis
2183 1315 2287 1398 sit,

234 1403 452 1468 nihil
436 1426 505 1468 ιιι
542 1408 938 1488 apparatum.
1016 1404 1414 1470 ‘honestius'
1450 1404 1665 1489 inquis
1698 1404 1853 1470 ‘hoc
1881 1426 1949 1470 se
1977 1405 2287 1489 inpensae

235 1514 428 1577 quam
457 1492 528 1556 in
546 1490 881 1557 Corinthia
907 1493 1244 1596 pictasque
1268 1494 1526 1559 tabulas
1547 1492 1930 1566 effuderint?
1974 1494 2285 1559 vitiosum

235 1586 334 1648 est
368 1581 626 1667 ubique,
665 1582 840 1685 quod
873 1582 1148 1647 nimium
1187 1586 1302 1648 est.
1378 1582 1533 1667 quid
1570 1582 1799 1667 habes,
1835 1602 1952 1648 cur
1984 1581 2285 1667 ignoscas

231 1671 485 1736 homini
538 1672 813 1737 armaria
856 1691 889 1736 e
933 1671 1096 1737 citro
1154 1676 1348 1756 atque
1404 1673 1597 1737 ebore
1642 1671 1959 1766 captanti,
2012 1692 2288 1755 corpora

233 1760 642 1844 conquirenti
687 1765 799 1825 aut
845 1762 1219 1848 ignotorum
1266 1765 1606 1826 auctorum
1642 1762 1755 1827 aut
1790 1759 2285 1846 inprobatorum

233 1854 299 1916 et
352 1849 522 1916 inter
577 1852 678 1915 tot
737 1850 918 1916 milia
963 1850 1280 1916 librorum
1332 1850 1660 1935 oscitanti,
1720 1850 1827 1917 cui
1876 1849 2285 1917 voluminum

234 1961 498 2006 suorum
551 1940 798 2004 frontes
845 1942 1126 2006 maxime
1171 1941 1435 2025 placent
1477 1901 1827 2024 titulique?
1918 1943 2077 2026 aput
2122 1939 2287 2004 desi-

233 2028 634 2095 diosissimos
662 2050 817 2116 ergo
845 2029 1092 2095 videbis
1122 2029 1432 2115 quicquid
1452 2030 1819 2095 orationum
1837 2029 2287 2096 historiarum-

235 2139 359 2202 que
413 2121 537 2202 est,
591 2122 763 2185 tecto
810 2123 1000 2184 tenus
1048 2123 1373 2186 exstructa
1417 2120 1877 2206 loculamenta3
1931 2121 2062 2184 iam
2109 2118 2285 2184 enim

233 2207 402 2274 inter
435 2208 762 2274 balnearia
798 2212 864 2274 et
897 2209 1183 2276 thermas
1218 2209 1635 2298 bybliotheca
1672 2231 1930 2295 quoque
1964 2212 2043 2274 ut
2065 2229 2285 2276 neces-

232 2299 473 2363 sarium
502 2299 730 2364 domus
760 2303 1208 2364 ornamentum
1236 2299 1579 2384 expolitur.
1642 2299 2044 2386 ignoscerem
2071 2299 2286 2384 plane,

234 2388 290 2452 si
336 2388 698 2453 studiorum
741 2389 947 2453 nimia
991 2388 1294 2473 cupidine
1340 2393 1683 2454 erraretur.
1740 2410 1916 2454 nunc
1960 2388 2087 2453 ista
2131 2409 2285 2454 con-

235 2475 499 2562 quisita,
544 2498 693 2543 cum
738 2477 1132 2564 imaginibus
1179 2479 1313 2543 suis
1361 2477 1672 2563 discripta
1716 2499 2047 2545 sacrorum
2085 2498 2286 2562 opera

233 2565 638 2654 ingeniorum
673 2567 743 2632 in
780 2567 1058 2653 speciem
1087 2570 1154 2632 et
1180 2568 1429 2634 cultum
1456 2569 1776 2653 parietum
1806 2571 2283 2653 comparantur.

413 2725 443 2780 7
481 2726 608 2781 Liv.
644 2726 717 2793 fr.
755 2731 828 2781 40
867 2727 1042 2783 Hertz

409 2822 447 2878 8
493 2825 695 2893 paucis
735 2824 820 2880 A⁶
866 2824 888 2898 Η
941 2822 979 2878 4
1029 2827 1087 2880 te
1135 2826 1191 2880 A
1241 2826 1343 2893 cfr.
1391 2825 1515 2881 Joh.
1546 2826 1760 2883 Mamer
1803 2827 1869 2880 in
1912 2828 2053 2882 actis
2097 2827 2278 2883 Acad.

246 2904 472 2960 Vindob.
514 2905 793 2961 CXVIII
821 2910 964 2961 1889
990 2922 1051 2975 p.
1079 2910 1118 2960 8
1154 2921 1212 2959 se
1245 2906 1473 2961 Gemzo‘e
1513 2906 1519 2978 Ι
1565 2899 1752 2976 Χῖ.(
1732 2907 1789 2976 (ι’.
1820 2923 1864 2960 c.
1895 2906 2282 2976 quadraginta

231 2974 412 3045 milia)
460 2977 516 3032 A
571 2975 990 3047 quadringenta
1043 2995 1117 3031 m.
1165 2979 1479 3033 Pincianus
1530 2977 1552 3051 Η
1608 2978 1638 3033 7
1690 2977 1751 3032 Τ.
1798 2977 1987 3032 Livius
2039 2979 2283 3050 Madvig

233 3047 278 3102 a
323 3046 494 3102 liuius
536 3049 593 3103 A
644 3049 714 3102 de
760 3050 801 3103 t
841 3048 1003 3103 Liuio
1049 3051 1113 3104 in
1156 3067 1327 3120 mam-9.
1373 3048 1457 3106 A⁸
1507 3049 1515 3122 1
1583 3049 1651 3105 11
1698 3049 2003 3118 puerilium
2041 3050 2283 3122 Madviq

233 3119 522 3173 seruilium
561 3120 618 3175 A
652 3120 660 3191 Ι
717 3119 788 3174 13
825 3121 901 3174 sit
928 3122 984 3177 A
1023 3123 1109 3176 est
1138 3121 1307 3177 Gertz
1350 3121 1357 3193 Ι
1416 3119 1489 3175 14
1562 3139 1635 3176 uc
1672 3138 1732 3177 se
1769 3122 1972 3192 Haupt
2006 3123 2121 3192 (scd
2154 3123 2283 3177 vide

231 3191 298 3244 de
347 3191 596 3246 adverbii
668 3208 823 3247 orma
857 3192 994 3248 dial.
1049 3193 1105 3248 V
1133 3196 1224 3260 21,
1255 3197 1312 3263 3)
1404 3209 1471 3248 oc
1520 3196 1579 3248 te
1620 3193 1707 3250 A²
1751 3210 1889 3249 corr.
1932 3195 1997 3248 in
2040 3194 2215 3248 hocce
2259 3193 2283 3266 ΙΙ

232 3261 301 3314 17
331 3277 362 3315 e
391 3261 521 3315 add.
551 3261 717 3318 Gertz
749 3263 756 3334 Ι
790 3279 897 3332 cap
898 3264 1049 3318 tanti
1076 3280 1144 3319 ex
1169 3267 1252 3318 -te
1281 3281 1420 3320 corr.
1437 3267 1557 3321 A¹-
1523 3269 1591 3301 *²
1656 3264 1727 3320 18
1755 3265 2149 3368 conquirentia
2165 3266 2225 3320 A
2259 3275 2283 3330 n

232 3330 306 3386 24
342 3333 624 3416 expetitur
659 3334 798 3389 coni.
832 3335 1062 3390 Wolters
1095 3335 1117 3408 ΙΙ
1151 3335 1224 3390 25
1255 3338 1539 3392 erraretur
1626 3337 1725 3394 och
1760 3339 2015 3393 oreretur
2040 3337 2123 3393 A¹
2158 3341 2281 3407 (ore

233 3402 296 3454 in
330 3405 464 3472 ras.)
501 3403 742 3459 oriretur
767 3405 852 3461 A'
884 3405 906 3480 ΙΙ
940 3405 1014 3461 26
1050 3408 1248 3476 <et>
1288 3424 1416 3463 cum
1451 3409 1589 3480 0019.
1631 3408 1643 3482 l
1684 3408 1960 3480 discripta
1996 3409 2056 3464 et
2092 3422 2280 3464 sacro-

234 3487 358 3527 rum
385 3474 442 3529 A
478 3490 615 3530 corr.
643 3477 780 3547 vola.
821 3479 880 3532 et
915 3477 1082 3533 discr.
1113 3494 1252 3535 sacr.
1288 3479 1453 3537 Gertae
1536 3514 1561 3536 .

2357 620 2381 659 5

2330 1070 2379 1108 10

2326 1514 2377 1554 15

2322 2411 2377 2452 25
