2544 3746
152 1404 178 1453 1

715 629 796 702 L.
851 627 1242 702 ANNAEI
1298 625 1747 701 SENECAE

395 805 1345 906 DIALOGORVM
1410 805 1839 904 LIBER
1896 755 2068 904 w,

1026 979 1112 1022 AD
1140 979 1447 1022 NOVATVM

1099 1103 1199 1159 DE
1235 1103 1369 1159 IRA

1055 1247 1301 1290 LIBER
1343 1249 1405 1288 11.

394 1389 445 1455 I.
536 1390 791 1457 Primus
867 1391 1058 1476 liber,
1133 1391 1416 1474 Novate,
1499 1391 1941 1478 benigniorem
2026 1393 2259 1458 habuit

219 1479 579 1563 materiam3
631 1480 841 1546 facilis
896 1481 1068 1546 enim
1122 1481 1191 1546 in
1238 1481 1555 1566 proclivia
1597 1481 1905 1546 vitiorum
1952 1481 2258 1547 decursus

219 1572 331 1634 est.
418 1590 590 1635 nunc
636 1569 717 1634 ad
762 1570 1030 1635 exiliora
1072 1569 1458 1635 veniendum
1504 1573 1628 1654 est3
1674 1571 2038 1654 quaerimus
2084 1572 2257 1636 enim

219 1659 314 1722 ira
359 1661 576 1722 utrum
622 1658 861 1724 iudicio
907 1681 990 1723 an
1035 1659 1260 1743 inpetu
1306 1658 1599 1744 incipiat,
1646 1658 1713 1724 id
1754 1663 1851 1724 est
1885 1663 1985 1725 uti
1998 1683 2104 1727 um
2142 1682 2260 1725 sua

221 1751 449 1832 sponte
518 1752 853 1813 moveatur
923 1769 1006 1812 an
1078 1747 1619 1832 quemadmodum
1689 1749 2021 1833 pleraque,
2094 1770 2259 1833 quae

219 1837 392 1902 intra
442 1859 561 1902 nos
613 1857 742 1903 non
791 1837 1010 1903 insciis
1054 1837 1244 1903 nobis
1292 1838 1601 1902 oriuntur.
1694 1837 1882 1903 debet
1927 1842 2141 1905 autem
2190 1839 2259 1903 in

219 1927 377 1991 haec
421 1948 488 1992 se
534 1926 866 1992 demittere
913 1926 1293 2011 disputatio,
1339 1930 1413 1991 ut
1458 1926 1538 1993 ad
1583 1927 1698 1992 illa
1734 1946 1991 2013 quoque
2028 1929 2259 1993 altiora

219 2014 428 2100 possit
471 2036 804 2101 exurgere:
856 2038 1008 2081 nam
1055 2019 1120 2081 et
1163 2017 1234 2081 in
1280 2038 1547 2100 corpore
1590 2020 1814 2081 nostro
1862 2038 2009 2082 ossa
2042 2017 2259 2081 nervi·

221 2126 346 2189 que
404 2109 470 2169 et
527 2105 808 2188 articuli,
866 2106 1272 2172 firmamenta
1325 2106 1525 2171 totius
1582 2110 1646 2171 et
1698 2101 1947 2189 vitalia,
1993 2107 2259 2171 minime

221 2194 512 2279 speciosa
547 2195 718 2279 visu,
763 2195 944 2279 prius
983 2195 1385 2279 ordinantur,
1424 2195 1651 2260 deinde
1686 2196 1870 2279 haec,
1908 2217 1988 2261 ex
2024 2197 2258 2281 quibus

222 2284 430 2349 omnis
489 2284 558 2347 in
616 2283 845 2349 faciem
905 2283 1404 2369 adspectumque
1465 2283 1655 2350 decor
1713 2289 1837 2369 est3
1894 2289 2045 2369 post
2100 2285 2272 2351 haec.

222 2373 438 2437 omnia
445 2422 463 2455 ,
501 2373 615 2457 qui
649 2372 927 2439 maxime
964 2373 1186 2439 oculos
1223 2374 1419 2457 rapit,
1458 2374 1638 2439 color
1674 2374 1939 2439 ultimus
1971 2374 2259 2459 perfecto

220 2462 349 2527 iam
394 2484 662 2546 corpore
709 2461 1098 2527 adfunditur.
1189 2464 1352 2527 iram
1408 2463 1565 2547 quin
1616 2463 1859 2547 species
1906 2462 2122 2528 oblata
2166 2464 2262 2527 in-

221 2552 420 2615 iuriae
466 2554 720 2617 moveat
763 2573 896 2616 non
933 2556 1030 2616 est
1067 2550 1361 2635 dubium3
1406 2550 1515 2617 sed
1552 2554 1769 2617 utrum
1805 2552 2082 2637 speciem
2118 2552 2262 2637 ipsa

223 2641 440 2705 statim
499 2644 804 2725 sequatur
861 2644 926 2706 et
977 2662 1112 2705 non
1165 2639 1502 2707 accedente
1549 2641 1763 2706 animo
1810 2645 2135 2725 excurrat,
2177 2664 2262 2705 an

222 2729 337 2794 illo
375 2728 768 2795 adsentiente
803 2734 1138 2795 moveatur
1174 2730 1555 2814 quaerimus.
1624 2730 1813 2796 nobis
1847 2729 2077 2815 placet
2094 2730 2262 2795 nihil

222 2818 401 2882 illam
437 2840 553 2902 per
589 2840 656 2883 se
694 2817 924 2884 audere
962 2818 1072 2884 sed
1103 2820 1319 2884 animo
1348 2817 1770 2903 adprobante3
1804 2842 1955 2886 nam
1983 2820 2261 2903 speciem

401 2992 438 3047 2
473 2993 534 3047 in
570 2992 849 3064 procljuia
884 2993 1156 3049 uitiorum
1193 2996 1249 3049 A
1300 2994 1361 3047 in
1397 2993 1633 3063 proclivi
1667 2993 1933 3049 vitiorum
1968 2993 2209 3065 Madvig
2242 2995 2263 3066 ΙΙ

222 3064 259 3119 8
302 3081 416 3120 non
451 3064 676 3132 addidi,
711 3081 781 3120 ne
815 3066 880 3120 in
913 3071 1142 3135 utroque
1176 3066 1511 3135 quaestionis
1546 3066 1782 3122 manbre
1814 3065 1959 3121 idem
1992 3065 2265 3121 diceretur

223 3136 346 3205 (cfr.
374 3152 418 3190 c.
448 3140 502 3203 3,
521 3140 608 3203 4›‚·
636 3136 801 3192 Gertz
837 3152 940 3191 sua
976 3144 1104 3192 ante
1141 3138 1342 3205 sponte
1378 3137 1573 3192 delevit
1603 3136 1625 3210 ΙΙ
1663 3137 1693 3191 7
1732 3136 2029 3193 demittere
2056 3136 2142 3193 A⁸
2178 3136 2264 3191 di-

223 3208 449 3262 mittere
476 3206 562 3262 A²
603 3205 610 3278 Ι
651 3206 754 3261 illa
780 3209 837 3264 A
875 3206 992 3262 alia
1030 3209 1113 3263 W.
1138 3206 1351 3263 Gemoll
1388 3206 1410 3280 Η
1454 3208 1491 3261 8
1525 3208 1708 3277 possit
1740 3220 1776 3262 s*
1812 3214 1864 3263 et
1896 3208 2033 3279 vola.
2071 3209 2266 3277 posset

226 3279 281 3332 A
315 3277 336 3349 ΙΙ
369 3278 406 3332 9
441 3276 641 3333 vitalia
677 3280 988 3334 Pincianus
1021 3280 1090 3333 ut
1125 3276 1243 3333 alia
1268 3279 1327 3334 A
1361 3278 1382 3351 Η
1425 3278 1495 3333 11
1534 3278 1639 3334 ads
1680 3280 1978 3349 cetumque
2004 3278 2090 3335 A¹
2125 3294 2261 3335 corr.

225 3350 289 3401 in
325 3350 729 3473 aspectumque
764 3349 850 3406 A⁸
883 3350 946 3405 in
979 3347 1128 3405 facie
1166 3351 1513 3421 aspectuque
1550 3363 1585 3405 ς
1626 3296 1679 3424 {f
1695 3349 1768 3407 14
1810 3351 1938 3421 ipsa
1978 3349 2142 3407 Gertz
2177 3351 2264 3422 ip-

229 3434 348 3471 sam
1525 3445 1531 3451 ·

2301 2218 2355 2257 10

2302 2663 2357 2705 15
