2544 3746
285 61 416 118 XIV
859 54 863 56 ’
1106 63 1523 122 PRAEFATIO

466 212 774 285 Quantum
844 213 1006 276 inter
1075 231 1140 275 se
1212 214 1442 276 distent
1512 212 1948 276 Ambrosianus
2024 217 2087 276 et
2155 214 2343 280 huius

285 305 470 364 sortis
513 301 772 379 codices,
825 303 892 364 in
945 303 1457 366 consolatione
1511 305 1774 366 cernitur
1820 305 1907 366 ad
1953 305 2344 383 Polybium

286 392 446 453 data.
514 394 684 453 cuius
729 391 998 454 maxima
1039 411 1210 470 pars,
1255 407 1397 456 cum
1438 393 1507 452 in
1550 391 1612 454 A
1654 393 1887 455 infelici
1930 413 2075 456 casu
2122 395 2345 456 avulsa

287 483 394 556 sit,
441 502 474 542 e
519 481 951 544 recentioribus
987 481 1161 544 libris
1196 501 1338 544 mss.
1374 483 1750 544 restituenda
1785 486 1895 544 est.
1961 503 2033 544 ac
2067 485 2343 561 proxime

285 571 531 648 quidem
569 571 846 632 accedere
885 571 964 632 ad
990 570 1078 646 A,
1125 570 1229 632 sed
1264 573 1447 651 longo
1484 572 1805 642 intervallo
1840 574 2130 652 proxime,
2176 573 2342 634 codi-

191 669 249 723 B
285 680 412 721 cem
468 659 917 722 Berolinensem
971 653 1090 743 (B)
1143 661 1224 720 M.
1262 659 1393 722 Lat.
1422 661 1551 723 Fol.
1581 666 1665 723 47
1723 680 1877 724 saec.
1906 661 2053 722 XIV
2106 663 2344 724 dudum

178 760 179 763 ’
282 751 660 810 intellectum
713 753 823 812 est.
912 751 1134 826 multa,
1189 767 1347 828 quae
1402 750 1467 810 in
1513 771 1585 812 eo
1630 751 1780 812 bene
1825 753 2086 813 correxit
2118 765 2343 813 manus

281 840 696 900 recentissima
733 831 908 922 (13²),
955 859 992 898 a
1026 859 1212 900 manu
1247 839 1447 917 prima
1482 841 1631 902 mire
1667 841 2031 919 discrepant,
2066 843 2343 903 virorum

283 928 596 989 doctorum
640 929 903 990 invenfis
948 931 1043 990 ita
1087 928 1480 1007 concordant,
1515 933 1596 990 ‘ut
1639 950 1760 991 non
1805 930 1936 992 sine
1982 951 2167 993 causa
2204 931 2343 1011 qui·

283 1016 424 1077 dam
469 1019 764 1095 suspicati
810 1018 935 1077 sint
978 1017 1182 1094 petita-
1219 1037 1295 1078 ea
1338 1036 1467 1079 esse
1512 1037 1585 1078 ex
1628 1019 1892 1080 editione
1930 1021 2141 1098 aliqua
2178 1023 2341 1082 anti·

124 1113 250 1167 DE
283 1125 419 1184 qua.
503 1106 673 1166 Koch
719 1107 933 1166 deinde
980 1107 1235 1168 duorum
1280 1107 1555 1169 codicum
1600 1127 1752 1170 saec.
1781 1109 1927 1168 XIV
1982 1103 2077 1192 (D
2128 1113 2192 1170 et
2226 1103 2341 1192 E),

282 1198 392 1274 qui
421 1195 543 1273 ipsi
569 1215 814 1273 quoque
841 1196 1172 1256 Mediolani
1205 1198 1270 1255 in
1308 1195 1671 1258 bibliotheca
1701 1198 2109 1260 Ambrosiana
2144 1217 2340 1260 asser-

279 1287 524 1364 vantur,
557 1285 755 1346 varias
781 1286 1069 1345 lectiones
1108 1286 1449 1346 accuratius
1491 1306 1675 1364 quam
1710 1287 1978 1348 Fickerti
2014 1288 2339 1350 collatores

181 1381 254 1436 H
280 1374 568 1435 exhibuit.
620 1375 714 1434 his
736 1373 916 1435 Gertz
945 1373 1070 1434 cod.
1090 1368 1501 1435 Hauniensem
1516 1367 1640 1458 (H)
1659 1394 1813 1438 saec.
1826 1377 1959 1454 XV,
1984 1381 2059 1439 ut
2074 1377 2342 1455 videtur,

281 1463 517 1525 addidit
533 1466 612 1539 et,
639 1466 712 1523 ut
737 1481 925 1541 supra
943 1463 1084 1540 dixi,
1110 1465 1177 1526 in
1194 1463 1409 1541 primis
1436 1465 1735 1543 capitibus
1755 1467 1883 1527 cod.
1898 1467 2337 1528 Florentinum.

281 1553 385 1614 sed
451 1573 588 1613 cum
649 1571 852 1614 omnes
920 1573 1126 1613 eorum
1185 1555 1516 1631 scripturas
1570 1555 1635 1614 in
1692 1558 2191 1616 commentarium
2244 1559 2339 1617 in-

279 1661 482 1721 gerere
521 1661 644 1702 non
682 1663 714 1702 e
750 1662 816 1703 re
853 1645 1028 1718 esset,
1064 1661 1137 1703 ea
1169 1645 1416 1704 tantum
1450 1664 1524 1704 ex
1565 1645 1803 1723 ingenti
1846 1647 2005 1706 mole
2050 1648 2339 1724 excerpsi,

281 1748 435 1808 quae
482 1750 945 1792 commemorare
993 1750 1210 1810 operae
1253 1733 1516 1810 pretium
1561 1734 1885 1794 videretur.
1975 1736 2075 1796 hic
2127 1736 2258 1797 illic
2304 1756 2339 1797 e

200 1827 254 1883 V
280 1821 546 1883 Fickerti
585 1824 885 1902 apparatu
923 1821 1052 1883 cod.
1078 1822 1571 1884 Vratislaviensis
1610 1815 1731 1907 (V)
1763 1826 1837 1885 'et
1874 1823 2340 1903 Guelferbytani

187 1917 241 1973 G
279 1904 397 1993 (G)
445 1913 731 1973 lectiones
779 1911 1074 1989 quasdam
1118 1912 1437 1974 accessisse
1484 1913 1633 1974 satis
1678 1914 1869 1974 habeo
1929 1915 2028 1975 hic
2072 1935 2336 1977 monere.

414 2012 418 2016 ⁴
458 2000 828 2061 Coniecturis
883 2002 1155 2061 virorum
1209 2001 1527 2063 doctorum
1578 2001 1788 2063 mulfis
1842 2004 1995 2063 mihi
2039 2006 2137 2064 uti
2182 2004 2338 2066 licu-

273 2089 392 2151 isse
447 2091 622 2169 grato
676 2090 776 2150 hic
833 2089 1036 2150 animo
1090 2090 1391 2169 profiteor.
1484 2092 1731 2153 nomina
1780 2112 1990 2153 eorum
2033 2094 2100 2153 in
2146 2112 2338 2172 appa-

274 2183 414 2239 ratu
462 2178 671 2240 critico
709 2179 835 2239 suis
881 2179 1030 2239 locis
1075 2180 1291 2239 notata
1334 2180 1631 2257 invenies3
1676 2184 1749 2241 ut
1790 2200 1932 2242 vero
1970 2182 2337 2259 disputatio-

273 2287 378 2329 nes
434 2270 600 2345 ipsas
654 2267 948 2345 inspicere
1003 2268 1226 2345 possis,
1280 2267 1539 2329 indicem
1588 2288 1794 2330 eorum
1842 2270 2191 2333 libellorum
2236 2272 2337 2335 hic

273 2376 636 2435 proponam,
682 2376 834 2435 quos
877 2358 944 2417 in
988 2377 1168 2435 opere
1213 2356 1486 2435 adhibui3
1531 2363 1675 2419 sunt
1719 2362 1925 2421 autem
1968 2362 2064 2421 hi:

274 2502 335 2556 L.
359 2500 413 2557 C.
434 2502 512 2557 M.
541 2500 760 2556 Aubert
803 2500 1193 2557 adnotationes
1228 2504 1294 2558 in
1328 2502 1565 2559 Senecae
1610 2504 1747 2559 dial.
1777 2506 1819 2559 I
1856 2503 1920 2559 in
1957 2507 2113 2563 Mas.
2153 2507 2335 2564 Rhen.

415 2580 650 2635 XXXVI
684 2587 740 2651 p'.
763 2587 868 2637 178
879 2598 961 2651 sq.

273 2670 512 2739 Bentley
537 2670 669 2726 vide
687 2670 752 2725 Ε.
773 2670 1032 2727 Hedicke
1051 2672 1255 2727 Stadia
1274 2673 1629 2741 Bentleiana,
1647 2675 1727 2729 II
1736 2675 1944 2731 Seneca
1962 2676 2339 2755 Bentleianus

415 2750 804 2806 Freienwalde
840 2756 996 2807 1899.

273 2840 334 2893 Ε.
365 2838 726 2895 Badstfibner
776 2841 1039 2912 Beitrc‘iye
1087 2858 1188 2897 zar
1241 2843 1571 2914 Erkla‘runq
1604 2861 1661 2899 a.
1702 2844 1897 2901 Kn‘tilc
1946 2846 2045 2902 der
2088 2846 2339 2916 philoso-

407 2921 676 2989 phischen
711 2920 992 2990 Schriften
1026 2922 1263 2979 Senecas
1298 2915 1597 2994 Hamburg
1631 2929 1785 2979 1901.

272 3008 322 3063 J.
341 3008 392 3064 J.
423 3008 778 3066 Cornelissen
815 3010 1182 3067 Coniectanea
1217 3013 1415 3069 latina*
1437 3012 1779 3069 Daventriae
1809 3019 1970 3070 1870.

272 3097 338 3152 R.
367 3097 509 3153 Ellis
545 3100 892 3155 Adversaria
930 3101 984 3157 V
1010 3100 1072 3155 in
1107 3102 1355 3157 Journal
1389 3104 1459 3171 of
1486 3104 1777 3175 Philoloyy
1810 3102 2047 3159 XXVIII
2083 3123 2139 3175 p.
2164 3111 2233 3161 19
2251 3124 2335 3176 sq.

274 3187 340 3239 A.
370 3186 616 3243 Eussner
651 3190 742 3244 Za
776 3188 984 3247 Seneca
1017 3190 1081 3245 in
1116 3192 1320 3247 Phaet.
1342 3196 1411 3247 38
1440 3194 1623 3263 (1879)
1661 3211 1717 3263 p.
1742 3197 1862 3248 398.
1955 3199 1959 3205 ’

349 3296 416 3306 -
489 3269 580 3323 Za
615 3268 823 3325 Seneca
849 3270 918 3325 de
951 3276 1134 3341 tranq.
1174 3273 1357 3329 animi
1390 3272 1453 3327 in
1488 3273 1689 3329 Philol.
1713 3278 1780 3329 39
1819 3291 1874 3343 p.
1898 3278 2021 3329 872.

350 3376 416 3386 -
489 3349 577 3402 Zu
613 3349 821 3406 Seneca
855 3351 924 3406 de
958 3352 1070 3408 otio
1105 3351 1168 3405 in
1203 3352 1406 3408 Philet.
1430 3358 1498 3407 42
1536 3370 1593 3423 p.
1616 3358 1737 3409 607.

279 3430 327 3485 J.
348 3432 659 3491 Feldmann
697 3438 1113 3497 Observationes
1148 3442 1226 3497 ad
1259 3441 1523 3498 Senecam
1557 3445 1783 3500 criticae
1818 3441 2075 3501 Ostrowo
2099 3450 2261 3502 1887.
