2544 3746
675 102 776 156 AD
815 98 1169 157 SERENVM
1204 101 1303 155 DE
1343 100 1513 157 OTIO
1553 100 1705 157 GAP.
1739 106 1785 155 1.
1818 108 1849 155 2
2156 103 2287 169 233

243 250 635 336 prendimus,
662 247 866 333 petita
891 246 1335 332 relinquimus,
1364 247 1589 313 relicta
1614 246 1979 331 repetimus,
2008 248 2288 313 alternae
2324 263 2357 311 3

243 338 412 405 inter
465 338 885 423 cupiditatem
940 340 1230 402 nostram
1278 342 1344 403 et
1386 336 1845 421 paenitentiam
1891 335 2063 401 vices
2110 339 2287 419 sunt3

243 428 597 513 pendemus
652 427 824 492 enim
876 426 1002 492 toti
1047 448 1128 491 ex
1173 423 1398 491 alienis
1444 425 1699 491 iudiciis
1746 428 1812 490 et
1856 425 1923 489 id
1970 426 2287 511 optimum

241 518 431 584 nobis
501 517 785 599 videtur,
852 515 1024 600 quod
1099 515 1410 599 petitores
1480 515 1975 598 laudatoresque
2048 516 2287 579 multos

176 628 202 668 ⁵
240 606 468 691 habet,
519 627 652 671 non
697 604 766 671 id
813 604 986 689 quod
1029 603 1425 669 laudandum
1469 604 1945 689 petendumque
1992 608 2116 687 est,
2168 625 2290 688 nec

242 697 416 762 viam
469 696 706 761 bonam
761 715 836 760 ac
890 692 1128 759 malam
1172 715 1289 777 per
1334 714 1401 757 se
1449 694 1888 775 aestimamus,
1943 692 2054 758 sed
2099 693 2289 758 turba

241 784 692 873 vestigiorum,
738 784 807 847 in
854 783 1090 868 quibus
1134 783 1317 847 nulla
1362 786 1515 847 sunt
1558 782 1981 848 redeuntium.

422 872 613 939 Dices
660 872 847 937 mihi:
907 870 1108 957 “quid
1155 872 1321 958 agis,
1369 868 1657 937 Seneca?
1747 871 1983 937 deseris
2027 868 2287 956 partes?

241 966 414 1029 certe
474 960 679 1029 Stoici
737 961 934 1027 vestri
993 962 1242 1027 dicunt:
1304 961 1540 1044 ‘usque
1604 962 1685 1025 ad
1747 962 2051 1026 ultimum
2115 960 2287 1025 vitae

147 1074 202 1114 ιο
239 1052 438 1117 finem
495 1051 566 1117 in
620 1054 768 1117 actu
822 1050 1087 1133 erimus,
1143 1073 1279 1115 non
1333 1050 1696 1115 desinemus
1743 1050 2071 1115 communi
2113 1050 2287 1115 bono

242 1162 503 1226 operam
578 1141 754 1223 dare,
800 1140 1131 1205 'adiuvare
1203 1140 1525 1226 singulos,
1599 1161 1789 1223 opem
1860 1138 2025 1204 ferre
2090 1138 2285 1203 etiam

239 1231 521 1296 inimicis
567 1230 756 1295 senili
799 1250 1011 1294 manu.
1085 1250 1204 1294 nos
1252 1249 1505 1311 sumus,
1548 1231 1662 1313 qui
1705 1229 1904 1293 nullis
1952 1226 2135 1294 annis
2181 1249 2287 1291 va-

240 1320 563 1386 cationem
609 1320 834 1385 damus
881 1321 974 1402 et,
1017 1317 1195 1403 quod
1241 1318 1335 1384 ait
1376 1318 1488 1383 ille
1533 1318 1633 1383 vir
1678 1316 2157 1399 disertissimus,

846 1439 1114 1494 canitiem
1150 1440 1319 1511 galea
1355 1440 1689 1510 premimus3

145 1571 200 1613 15
239 1573 361 1617 nos
421 1572 672 1633 sumus,
733 1552 893 1634 aput
952 1570 1113 1633 quos
1174 1571 1380 1635 usque
1440 1572 1515 1614 eo
1576 1548 1742 1613 nihil
1802 1553 1949 1614 ante
2009 1552 2285 1613 mortem

241 1639 522 1704 otiosum
560 1642 686 1721 est,
720 1642 822 1722 ut,
857 1639 914 1704 si
950 1660 1050 1704 res
1083 1640 1358 1723 patitur,
1392 1661 1527 1703 non
1554 1638 1639 1703 sit
1664 1638 1809 1722 ipsa
1835 1660 2009 1703 mors
2039 1636 2286 1702 otiosa?

240 1727 397 1812 quid
433 1728 623 1793 nobis
661 1727 931 1812 Epicuri
964 1732 1309 1813 praecepta
1344 1727 1413 1791 in
1448 1726 1607 1811 ipsis
1645 1724 1922 1793 Zenonis
1951 1726 2285 1810 principiis

236 1815 570 1902 loqueris?
673 1816 833 1904 quin
888 1821 964 1884 tu
1023 1818 1184 1884 bene
1244 1818 1571 1904 gnaviter,
1631 1816 1687 1882 si
1744 1816 2028 1902 partium
2086 1817 2285 1903 piget,

237 1906 592 1994 transfugis
629 1907 848 1991 potius
887 1928 1082 1991 quam
1116 1905 1436 1992 prodis?''
1508 1905 1635 1972 hoc
1671 1906 1793 1971 tibi
1830 1907 1901 1970 in
1925 1905 2286 1990 praesentia

2325 886 2359 935 4

2321 1923 2355 1972 ὃ

146 2019 202 2058 20
236 1997 667 2080 respondebo:
714 1996 1059 2081 enumquid
1105 1997 1204 2062 vis
1251 1996 1557 2081 amplius,
1605 2017 1799 2080 quam
1844 1998 1920 2059 ut
1955 2017 2066 2060 .me
2112 1994 2284 2060 simi-
2347 2036 2351 2040 -

235 2087 367 2151 lem
413 2084 682 2151 ducibus
730 2085 888 2151 meis
933 2083 1297 2170 praestem?
1370 2085 1527 2170 quid
1572 2107 1726 2172 ergo
1773 2082 1912 2150 est?
1982 2107 2117 2149 non
2154 2105 2284 2169 quo

237 2174 531 2240 miserint
574 2196 678 2239 me
725 2175 850 2259 illi,
895 2175 1008 2239 sed
1053 2196 1183 2260 quo
1232 2175 1561 2259 duxerint,
1604 2173 1756 2241 ibo?

417 2279 496 2346 II.
572 2280 735 2368 [29]
807 2280 1002 2347 Nunc
1041 2282 1329 2366 probabo
1375 2281 1498 2346 tibi
1541 2304 1676 2346 non
1721 2280 2069 2348 desciscere
2106 2303 2210 2346 me
2246 2303 2285 2345 a

236 2371 599 2455 praeceptis
637 2369 1034 2455 Stoicorum3
1069 2393 1221 2436 nam
1255 2393 1340 2436 ne
1376 2370 1504 2456 ipsi
1541 2371 1802 2455 quidem
1838 2393 1877 2435 a
1913 2370 2045 2436 suis
2083 2369 2281 2436 desci-

147 2479 200 2520 25
237 2463 498 2544 verunt,
556 2463 622 2525 et
672 2463 892 2525 tamen
946 2459 1468 2526 excusatissimus
1515 2480 1747 2543 essem,
1807 2459 2002 2525 etiam
2049 2459 2104 2524 si
2148 2480 2282 2523 non

236 2553 582 2632 praecepta
638 2545 901 2614 illorum
961 2569 1288 2633 sequerer,
1346 2549 1457 2614 sed
1516 2549 1827 2633 exempla.
1928 2548 2054 2613 hoc
2103 2546 2282 2632 quod

237 2637 384 2703 dico
432 2637 501 2702 in
537 2636 695 2702 duas
734 2636 1015 2704 dividam
1051 2640 1294 2723 partes=
1339 2637 1651 2722 primum,
1694 2641 1769 2702 ut
1804 2638 2014 2722 possit
2048 2637 2281 2722 aliquis

238 2727 341 2792 vel
399 2749 454 2790 a,
495 2727 707 2811 prima
759 2729 970 2792 aetate
1023 2727 1556 2811 contemplationi
1610 2726 1899 2792 veritatis
1952 2729 2166 2791 totum
2213 2746 2281 2790 se

237 2815 519 2900 tradere,
594 2816 913 2880 rationem
995 2815 1254 2880 vivendi
1338 2837 1640 2900 quaerere
1723 2820 1917 2898 atque
1989 2836 2281 2880 exercere

147 2925 202 2965 ³0
238 2907 515 2987 secret03
590 2903 846 2988 deinde,
907 2907 984 2969 ut
1044 2903 1255 2989 possit
1314 2903 1443 2969 hoc
1506 2904 1738 2988 aliquis
1804 2903 2086 2968 emeritis
2150 2904 2281 2967 iam

239 2991 601 3077 stipendiis,
664 2991 1044 3080 profligatae
1109 2992 1367 3076 aetatis,
1439 2992 1574 3057 iure
1641 2993 1886 3078 optimo
1945 2991 2154 3058 facere
2217 2995 2282 3057 et

418 3147 490 3204 14
529 3150 680 3220 Vei-9.
710 3149 850 3205 Aen.
881 3150 982 3205 IX
1015 3153 1124 3205 612

417 3254 454 3310 8
490 3253 644 3310 dices
686 3258 734 3326 (s
770 3255 1218 3329 corr.ext)A}
1269 3256 1458 3326 agiss'
1494 3255 1664 3310 aisA
1712 3255 1821 3328 119
1868 3255 2278 3311 stoiciinras.

236 3325 323 3381 A⁶
354 3324 378 3399 ΙΙ
420 3325 492 3381 12
537 3325 784 3381 inimicis
833 3327 969 3398 0019.
1020 3326 1330 3382 ininimicis
1370 3328 1429 3382 Α.
1482 3326 1490 3400 Ι
1550 3325 1716 3382 senili
1757 3327 1953 3382 Haase
2002 3326 2143 3381 eniti
2169 3325 2225 3380 A
2259 3325 2281 3400 ΙΙ

239 3396 310 3452 18
346 3397 611 3468 gnauiter
644 3399 709 3453 in
742 3413 853 3454 ras.
882 3397 1023 3471 ΔΕΗ
1061 3397 1134 3452 22
1167 3415 1260 3454 me
1296 3397 1385 3453 illi
1420 3399 1557 3469 volq.
1596 3413 1669 3452 ne
1704 3396 1791 3452 illi
1818 3399 1875 3452 A
1908 3397 1930 3469 ΙΙ
1962 3395 2036 3451 28
2072 3395 2279 3452 descis-

209 3483 362 3524 ⁸sei-e
389 3470 448 3524 A
481 3467 503 3541 ΙΙ
535 3468 610 3524 24
643 3468 757 3538 ipsi
784 3481 820 3524 s·
853 3468 1000 3540 ipsis·
1023 3469 1079 3524 A

2323 2298 2351 2346 1

2317 2920 2350 2968 2
