2544 3746
223 45 312 110 42
631 39 1010 95 L.ANNAE1
1047 39 1378 96 SENECAE
1415 40 1606 98 Dm.
1635 41 1771 98 mn.
1799 41 1869 96 Π.

225 187 281 251 si
340 186 466 251 hoc
520 187 735 271 potuit
789 187 900 252 ille
964 186 1202 252 duritia
1257 187 1417 271 oris,
1480 188 1593 272 qui
1648 187 1921 253 assiduis
1967 186 2279 254 conviciis

224 276 462 360 pudere
508 275 924 361 dedidicerat,
969 299 1084 342 0111·
1129 277 1184 342 is
1228 297 1366 342 non
1409 277 1643 362 possit,
1689 277 1803 362 qui
1849 277 2078 343 studiis
2121 277 2281 343 libe-

225 365 466 431 ralibus
521 369 588 431 et
632 366 982 450 sapientiae
1029 367 1209 432 cultu
1255 366 1338 431 ad
1384 366 1665 450 aliquem
1720 367 2084 452 profectum
2139 389 2281 452 per-

226 454 515 520 venerit?
597 455 776 521 adice
824 455 998 540 quod
1044 476 1246 541 genus
1293 455 1562 522 ultionis
1608 458 1706 522 est
1751 456 1995 541 eripere
2041 456 2129 540 ei,
2166 457 2283 542 qui

224 545 407 627 fecit,
459 544 666 610 factae
713 545 1142 611 contumeliae
1186 546 1617 630 voluptatem3
1674 547 1884 612 solent
1929 546 2167 611 dicere:
2214 545 2281 610 ‘o

224 633 530 698 miserum
577 635 708 699 me!
799 637 988 719 puto,
1029 655 1166 698 non
1212 633 1579 700 intellexit':
1624 633 1784 700 adeo
1830 635 2079 701 fructus
2126 656 2284 700 0011-

223 722 527 787 tumeliae
572 723 642 788 in
687 745 880 789 seusu
924 727 989 787 et
1033 719 1477 809 indignatione
1522 725 1825 808 patientis
1872 728 1985 790 est.
2051 723 2283 789 deinde

224 832 358 876 non
403 811 568 878 derit
612 812 713 876 illi
759 812 1106 898 aliquando
1152 835 1299 898 par3
1343 813 1705 878 invenietur
1751 813 1864 897 qui
1908 818 1973 878 te
2022 834 2283 898 quoque

225 900 522 967 vindicet.

404 989 640 1056 XVIII.
691 988 756 1055 O.
810 989 1040 1056 Caesar
1103 991 1272 1055 inter
1336 995 1547 1058 cetera
1609 991 1799 1075 vitia,
1864 992 2097 1076 quibus
2173 992 2284 1057 ab-

223 1079 535 1165 undabat,
588 1081 1092 1147 contumeliosus
1148 1081 1315 1145 mira
1365 1080 1634 1146 libidine
1688 1080 2012 1147 ferebatur
2066 1082 2283 1148 omnis

225 1168 444 1254 aliqua
498 1173 656 1235 nota
713 1170 1012 1254 feriendi,
1069 1171 1206 1253 ipse
1263 1170 1532 1234 materia
1574 1171 1742 1236 risus
1786 1169 2284 1256 benignissima:

223 1262 406 1323 tanta
448 1258 549 1323 illi
584 1259 851 1344 palloris
888 1259 1205 1325 insaniam
1243 1261 1539 1326 testantis
1577 1259 1851 1334 foeditas
1890 1264 2053 1342 erat,
2096 1263 2285 1324 tanta

225 1346 563 1413 oculorum
609 1348 729 1414 sub
774 1348 988 1414 fronte
1033 1349 1193 1412 anili
1234 1349 1578 1414 latentium
1614 1349 1916 1432 torvitas,
1960 1352 2143 1414 tanta
2175 1370 2284 1414 03.-

221 1435 380 1520 pitis
439 1436 732 1503 destituti
790 1441 856 1502 et
914 1437 1417 1504 emendicaticiis
1472 1439 1724 1522 capillis
1780 1439 2025 1522 aspersi
2070 1437 2284 1503 defor-

224 1525 444 1610 mitas3
506 1526 685 1592 adice
751 1527 1075 1592 obsessam
1141 1525 1334 1592 saetis
1399 1529 1713 1594 cervicem
1786 1531 1851 1592 et
1924 1527 2283 1592 exilitatem

223 1633 485 1680 crurum
529 1618 596 1680 et
639 1616 1089 1680 enormitatem
1125 1617 1381 1701 pedum.
1444 1617 1809 1682 inmensum
1838 1620 1963 1700 est,
1999 1618 2055 1682 si
2080 1615 2283 1680 velim

223 1703 482 1790 singula
499 1736 508 1769 ι
524 1704 787 1790 referre,
830 1727 946 1791 per
983 1727 1146 1790 quae
1174 1706 1244 1770 in
1270 1710 1565 1789 parentes
1603 1727 1885 1790 avosque
1932 1727 2083 1772 suos
2128 1727 2284 1770 con-

221 1793 603 1860 tumeliosus
662 1792 816 1879 fuit,
869 1816 984 1880 per
1038 1817 1203 1880 quae
1248 1796 1319 1860 in
1362 1796 1697 1861 universos
1745 1795 2030 1879 ordines3
2075 1816 2151 1859 ea
2184 1817 2285 1858 re-

222 1881 454 1967 feram,
498 1905 662 1969 quae
699 1882 887 1949 illum
924 1885 1121 1950 exitio
1159 1885 1487 1950 dederunt.
1553 1883 1915 1951 Asiaticum
1943 1883 2282 1949 Valerium

223 1971 294 2036 in
336 1972 566 2056 primis
611 1974 836 2039 amicis
881 1974 1186 2058 habebat,
1228 1975 1509 2041 ferocem
1556 1975 1769 2041 virum
1815 1979 1879 2039 et
1917 1974 2024 2038 vix
2069 1995 2281 2057 aequo

224 2060 442 2126 animo
502 2062 742 2129 alienas
803 2064 1228 2130 contumelias
1274 2064 1587 2129 laturum:
1642 2064 1797 2129 huic
1842 2064 1915 2128 in
1958 2063 2284 2146 convivio,

223 2148 290 2214 id
319 2154 417 2215 est
456 2152 527 2216 in
562 2153 891 2236 contione,
934 2174 1092 2218 voce
1130 2153 1515 2237 clarissima,
1579 2153 1786 2236 qualis
1823 2154 1894 2218 in
1928 2152 2285 2218 concubitu

2323 1014 2379 1052 10

2323 1459 2379 1498 15

225 2242 391 2305 esset
449 2262 616 2306 uxor
673 2242 839 2326 eius,
899 2242 1151 2308 obiecit.
1191 2241 1312 2307 -.di
1364 2244 1550 2326 boni,
1607 2243 1734 2308 hoc
1779 2242 1993 2307 virum
2039 2242 2283 2325 audii-«33
2326 2277 2330 2281 ·

224 2330 583 2413 principem
643 2332 806 2396 scire
867 2335 932 2396 et
971 2353 1194 2417 ⁴usque
1247 2354 1325 2398 eo
1369 2332 1701 2398 licentiam
1747 2332 2141 2415 pervenisse,
2184 2334 2283 2415 ut,

211 2439 358 2491 ¹non
394 2418 540 2484 dico
579 2421 931 2502 consulari,
965 2442 1101 2485 non
1137 2420 1283 2487 dico
1323 2422 1532 2487 amico
1546 2469 1566 2504 ,
1602 2420 1713 2486 sed
1749 2424 2004 2485 tantum
2040 2421 2281 2485 marito

223 2507 522 2592 princeps
595 2512 661 2574 et
732 2509 1117 2574 adulterium
1201 2532 1390 2575 suum
1470 2514 1688 2575 narret
1769 2514 1834 2574 et
1913 2510 2284 2576 fastidium!

404 2693 435 2747 1
475 2692 748 2749 conuiciis
785 2696 836 2763 (s
872 2695 937 2749 in
969 2696 1106 2763 ras.)
1134 2696 1192 2753 A
1225 2694 1247 2768 ss
1282 2694 1319 2750 2
1356 2694 1713 2749 dedidicerat
1745 2693 1995 2765 Scaliqer
2030 2700 2083 2749 et
2114 2695 2279 2749 Pinc.

225 2763 508 2819 didicerat
546 2766 604 2821 A
647 2765 660 2837 1
712 2782 812 2819 0111·
855 2766 907 2820 is
953 2783 1092 2822 corr.
1131 2783 1201 2821 ex
1245 2781 1379 2839 cure
1423 2774 1491 2821 ut
1522 2768 1633 2822 vid.
1671 2766 1757 2823 A²
1803 2765 1827 2839 ΙΙ
1875 2764 1913 2820 8
1957 2766 2283 2835 pervenerit

225 2836 423 2896 Mur-et
474 2839 814 2904 peruenerat
848 2838 906 2893 A
949 2836 971 2909 ΙΙ
1029 2836 1066 2892 4
1111 2840 1199 2892 est
1243 2855 1288 2893 s.
1316 2856 1363 2893 v.
1396 2839 1524 2893 add.
1555 2836 1640 2893 A²
1674 2839 1802 2892 item
1840 2842 1875 2892 7
1924 2835 1960 2962 'i
2001 2835 2039 2891 5
2083 2836 2281 2891 volun-

222 2908 404 2960 tatem
431 2906 518 2962 A¹
551 2924 688 2964 corr.
718 2908 805 2965 A⁸
846 2908 869 2982 ΙΙ
916 2908 953 2963 8
999 2908 1182 2965 deerit
1227 2909 1427 2979 (altera
1470 2926 1502 2964 e
1546 2926 1590 2964 s.
1617 2911 1693 2978 v.)
1730 2908 1815 2964 A¹
1857 2907 1879 2981 ΙΙ
1961 2907 2004 2962 0
2040 2906 2097 2963 C.
2136 2909 2281 2980 volq.

224 2979 289 3041 ff.
327 3004 539 3061 semper
572 2989 688 3056 fere
715 2990 773 3043 A
807 2988 828 3061 ΙΙ
863 2988 931 3043 11
970 2990 1116 3044 mira
1143 2988 1385 3045 libidine
1414 2989 1609 3045 Haase
1644 2987 1987 3043 mirabiliter
2011 2990 2069 3045 A
2106 2989 2281 3043 mira-

224 3056 419 3113 biliter
462 3056 692 3114 furebat
736 3060 798 3115 in
836 3077 886 3115 o.
909 3075 959 3115 a.
981 3078 1034 3116 n.
1063 3059 1348 3115 feriendos
1396 3061 1741 3117 Cornelissen
1787 3059 1809 3132 ΙΙ
1863 3058 1935 3115 14
1981 3060 2186 3131 anililsl
2222 3062 2283 3117 A

225 3132 356 3199 (ras.
383 3133 424 3185 2
459 3138 560 3186 aut
593 3136 630 3187 3
665 3133 793 3202 litt.)
828 3132 849 3205 Η
884 3131 958 3186 15
995 3132 1443 3187 emendicaticiis
1481 3132 1647 3188 Gertz
1681 3131 2053 3187 emendicatis
2091 3144 2128 3186 ς
2164 3134 2283 3187 effi-

225 3200 496 3255 daeitatis
522 3203 608 3259 A¹
637 3203 735 3259 uel
769 3203 1054 3259 effidicitis
1081 3222 1124 3260 s.
1143 3222 1186 3259 s.
1207 3204 1293 3260 Αθ
1324 3225 1331 3265 ι
1376 3204 1446 3258 17
1483 3202 1869 3259 inor-mitatem
1896 3205 1954 3258 A
1988 3203 2011 3275 ΙΙ
2046 3202 2120 3257 18
2146 3220 2280 3259 0011-

223 3273 594 3345 tumelioslsus
622 3276 679 3330 A
717 3292 863 3330 teras
906 3275 949 3344 i)
985 3275 1007 3347 Η
1042 3275 1114 3330 23
1143 3275 1281 3360 ides]
1303 3277 1379 3344 (τε
1405 3274 1467 3329 id
1496 3278 1603 3340 est)
1631 3292 1755 3331 corr
1800 3292 1870 3330 ex
1894 3274 2049 3329 idem
2078 3277 2145 3330 in
2169 3276 2282 3343 fine

224 3360 413 3400 versus
441 3344 525 3400 A¹
557 3344 579 3418 ΙΙ
612 3344 685 3400 24
719 3346 900 3400 virum
931 3347 1129 3401 audire
1155 3347 1473 3417 principem
1501 3347 1645 3401 scire
1680 3348 2125 3415 interpunctione
2150 3348 2279 3403 eub-

227 3414 347 3470 lata
365 3415 531 3472 Gertz
539 3438 563 3485 ,·
588 3434 703 3473 non
719 3420 921 3489 probo:
953 3415 1196 3473 ἰσόκωλα
1221 3426 1355 3475 sunt
1380 3421 1635 3475 extremis
1658 3419 1894 3491 syllabis
1911 3421 2285 3476 consonantia

2321 2351 2381 2391 25
