<?xml version="1.0" encoding="UTF-8"?>
<!DOCTYPE html PUBLIC "-//W3C//DTD XHTML 1.0 Transitional//EN"
    "http://www.w3.org/TR/xhtml1/DTD/xhtml1-transitional.dtd">
<html xmlns="http://www.w3.org/1999/xhtml" xml:lang="en" lang="en">
 <head>
  <title>
</title>
<meta http-equiv="Content-Type" content="text/html;charset=utf-8" />
  <meta name='ocr-system' content='tesseract 3.04.00' />
  <meta name='ocr-capabilities' content='ocr_page ocr_carea ocr_par ocr_line ocrx_word'/>
</head>
<body>
  <div class='ocr_page' id='page_1' title='image "./lannaeisenecaeo01unkngoog_0179.png"; bbox 0 0 2544 3746; ppageno 0'>
   <div class='ocr_carea' id='block_1_1' title="bbox 479 64 2285 139">
    <p class='ocr_par' dir='ltr' id='par_1_1' title="bbox 479 64 2285 139">
     <span class='ocr_line' id='line_1_1' title="bbox 479 64 2285 139; baseline 0.003 -17"><span class='ocrx_word' id='word_1_1' title='bbox 479 67 581 123; x_wconf 83' lang='lat' dir='ltr'><strong>AD</strong></span> <span class='ocrx_word' id='word_1_2' title='bbox 619 64 964 123; x_wconf 68' lang='lat' dir='ltr'>MAROLAM</span> <span class='ocrx_word' id='word_1_3' title='bbox 999 65 1100 121; x_wconf 86' lang='lat' dir='ltr'><strong>DE</strong></span> <span class='ocrx_word' id='word_1_4' title='bbox 1139 65 1699 125; x_wconf 76' lang='lat' dir='ltr'>CONSOLA&#39;HONE</span> <span class='ocrx_word' id='word_1_5' title='bbox 1738 68 1892 125; x_wconf 85' lang='lat' dir='ltr'><strong>CAP.</strong></span> <span class='ocrx_word' id='word_1_6' title='bbox 1924 75 1973 125; x_wconf 78' lang='lat'><strong>2.</strong></span> <span class='ocrx_word' id='word_1_7' title='bbox 2006 74 2038 125; x_wconf 78' lang='grc'>3</span> <span class='ocrx_word' id='word_1_8' title='bbox 2158 72 2285 139; x_wconf 84' lang='grc'><strong>155</strong></span> 
     </span>
    </p>
   </div>
   <div class='ocr_carea' id='block_1_2' title="bbox 134 212 2358 2804">
    <p class='ocr_par' dir='ltr' id='par_1_2' title="bbox 134 212 2358 2804">
     <span class='ocr_line' id='line_1_2' title="bbox 232 212 2358 282; baseline 0.002 -4"><span class='ocrx_word' id='word_1_9' title='bbox 232 212 484 280; x_wconf 85' lang='lat' dir='ltr'><strong>nullam</strong></span> <span class='ocrx_word' id='word_1_10' title='bbox 547 213 673 279; x_wconf 89' lang='lat' dir='ltr'><strong>sibi</strong></span> <span class='ocrx_word' id='word_1_11' title='bbox 737 214 839 279; x_wconf 79' lang='lat' dir='ltr'><strong>de&#39;</strong></span> <span class='ocrx_word' id='word_1_12' title='bbox 879 213 996 277; x_wconf 87' lang='lat' dir='ltr'><strong>illo</strong></span> <span class='ocrx_word' id='word_1_13' title='bbox 1061 212 1203 279; x_wconf 90' lang='lat' dir='ltr'><strong>fieri</strong></span> <span class='ocrx_word' id='word_1_14' title='bbox 1265 214 1675 281; x_wconf 75' lang='lat' dir='ltr'><strong>mentionem.</strong></span> <span class='ocrx_word' id='word_1_15' title='bbox 1779 214 2003 281; x_wconf 88' lang='lat' dir='ltr'><strong>oderat</strong></span> <span class='ocrx_word' id='word_1_16' title='bbox 2066 237 2287 282; x_wconf 88' lang='lat' dir='ltr'><strong>omnes</strong></span> <span class='ocrx_word' id='word_1_17' title='bbox 2326 232 2358 282; x_wconf 83' lang='lat'><strong>5</strong></span> 
     </span>
     <span class='ocr_line' id='line_1_3' title="bbox 231 301 2291 389; baseline 0.001 -20"><span class='ocrx_word' id='word_1_18' title='bbox 231 306 473 370; x_wconf 88' lang='lat' dir='ltr'><strong>matres</strong></span> <span class='ocrx_word' id='word_1_19' title='bbox 532 307 599 369; x_wconf 94' lang='lat' dir='ltr'><strong>et</strong></span> <span class='ocrx_word' id='word_1_20' title='bbox 656 303 727 367; x_wconf 93' lang='lat' dir='ltr'><strong>in</strong></span> <span class='ocrx_word' id='word_1_21' title='bbox 782 301 1036 368; x_wconf 82' lang='lat' dir='ltr'><strong>Liviam</strong></span> <span class='ocrx_word' id='word_1_22' title='bbox 1090 304 1369 370; x_wconf 88' lang='lat' dir='ltr'><strong>maxime</strong></span> <span class='ocrx_word' id='word_1_23' title='bbox 1422 304 1703 389; x_wconf 83' lang='lat' dir='ltr'><strong>furebat,</strong></span> <span class='ocrx_word' id='word_1_24' title='bbox 1756 306 1911 389; x_wconf 91' lang='lat' dir='ltr'><strong>quia</strong></span> <span class='ocrx_word' id='word_1_25' title='bbox 1953 304 2291 371; x_wconf 84' lang='lat' dir='ltr'><strong>videbatur</strong></span> 
     </span>
     <span class='ocr_line' id='line_1_4' title="bbox 217 392 2289 478; baseline 0.002 -20"><span class='ocrx_word' id='word_1_26' title='bbox 217 392 316 459; x_wconf 73' lang='lat' dir='ltr'><strong>‚ad</strong></span> <span class='ocrx_word' id='word_1_27' title='bbox 361 392 540 460; x_wconf 86' lang='lat' dir='ltr'><strong>illius</strong></span> <span class='ocrx_word' id='word_1_28' title='bbox 584 392 796 459; x_wconf 84' lang='lat' dir='ltr'><strong>filium</strong></span> <span class='ocrx_word' id='word_1_29' title='bbox 839 393 1147 458; x_wconf 73' lang='lat' dir='ltr'><strong>transisse</strong></span> <span class='ocrx_word' id='word_1_30' title='bbox 1193 394 1320 459; x_wconf 88' lang='lat' dir='ltr'><strong>sibi</strong></span> <span class='ocrx_word' id='word_1_31' title='bbox 1363 394 1693 478; x_wconf 87' lang='lat' dir='ltr'><strong>promissa</strong></span> <span class='ocrx_word' id='word_1_32' title='bbox 1731 394 2027 460; x_wconf 71' lang='lat' dir='ltr'><strong>felicitas.</strong></span> <span class='ocrx_word' id='word_1_33' title='bbox 2116 400 2289 462; x_wconf 90' lang='lat' dir='ltr'><strong>tene-</strong></span> 
     </span>
     <span class='ocr_line' id='line_1_5' title="bbox 231 482 2290 569; baseline 0.001 -21"><span class='ocrx_word' id='word_1_34' title='bbox 231 482 368 548; x_wconf 86' lang='lat' dir='ltr'><strong>bris</strong></span> <span class='ocrx_word' id='word_1_35' title='bbox 413 486 482 549; x_wconf 89' lang='lat' dir='ltr'><strong>et</strong></span> <span class='ocrx_word' id='word_1_36' title='bbox 525 482 862 548; x_wconf 73' lang='lat' dir='ltr'><strong>solitudini</strong></span> <span class='ocrx_word' id='word_1_37' title='bbox 907 482 1439 567; x_wconf 85' lang='lat' dir='ltr'><strong>familiarissima,</strong></span> <span class='ocrx_word' id='word_1_38' title='bbox 1482 506 1565 549; x_wconf 88' lang='lat' dir='ltr'><strong>ne</strong></span> <span class='ocrx_word' id='word_1_39' title='bbox 1602 483 1685 549; x_wconf 85' lang='lat' dir='ltr'><strong>ad</strong></span> <span class='ocrx_word' id='word_1_40' title='bbox 1720 484 1985 550; x_wconf 88' lang='lat' dir='ltr'><strong>fratrem</strong></span> <span class='ocrx_word' id='word_1_41' title='bbox 2028 485 2290 569; x_wconf 90' lang='lat' dir='ltr'><strong>quidem</strong></span> 
     </span>
     <span class='ocr_line' id='line_1_6' title="bbox 169 571 2289 657; baseline 0.003 -23"><span class='ocrx_word' id='word_1_42' title='bbox 169 591 196 634; x_wconf 68' lang='grc' dir='ltr'><strong><em>ε</em></strong></span> <span class='ocrx_word' id='word_1_43' title='bbox 231 572 611 657; x_wconf 76' lang='lat' dir='ltr'><strong>respiciens,</strong></span> <span class='ocrx_word' id='word_1_44' title='bbox 649 572 936 639; x_wconf 86' lang='lat' dir='ltr'><strong>carmina</strong></span> <span class='ocrx_word' id='word_1_45' title='bbox 971 571 1386 639; x_wconf 74' lang='lat' dir='ltr'><strong>celebrandae</strong></span> <span class='ocrx_word' id='word_1_46' title='bbox 1412 572 1706 639; x_wconf 77' lang='lat' dir='ltr'><strong>Marcelli</strong></span> <span class='ocrx_word' id='word_1_47' title='bbox 1742 574 2086 640; x_wconf 78' lang='lat' dir='ltr'><strong>memoriae</strong></span> <span class='ocrx_word' id='word_1_48' title='bbox 2118 595 2289 641; x_wconf 90' lang='lat' dir='ltr'><strong>com-</strong></span> 
     </span>
     <span class='ocr_line' id='line_1_7' title="bbox 231 660 2288 747; baseline 0.001 -20"><span class='ocrx_word' id='word_1_49' title='bbox 231 662 451 747; x_wconf 87' lang='lat' dir='ltr'><strong>posita</strong></span> <span class='ocrx_word' id='word_1_50' title='bbox 493 662 786 746; x_wconf 85' lang='lat' dir='ltr'><strong>aliosque</strong></span> <span class='ocrx_word' id='word_1_51' title='bbox 831 660 1194 727; x_wconf 86' lang='lat' dir='ltr'><strong>studiorum</strong></span> <span class='ocrx_word' id='word_1_52' title='bbox 1238 662 1519 728; x_wconf 76' lang='lat' dir='ltr'><strong>honores</strong></span> <span class='ocrx_word' id='word_1_53' title='bbox 1556 663 1779 729; x_wconf 90' lang='lat' dir='ltr'><strong>reiecit</strong></span> <span class='ocrx_word' id='word_1_54' title='bbox 1816 667 1883 727; x_wconf 87' lang='lat' dir='ltr'><strong>et</strong></span> <span class='ocrx_word' id='word_1_55' title='bbox 1918 685 2102 729; x_wconf 88' lang='lat' dir='ltr'><strong>aures</strong></span> <span class='ocrx_word' id='word_1_56' title='bbox 2141 686 2288 729; x_wconf 89' lang='lat' dir='ltr'><strong>suas</strong></span> 
     </span>
     <span class='ocr_line' id='line_1_8' title="bbox 233 750 2289 819; baseline 0.002 -5"><span class='ocrx_word' id='word_1_57' title='bbox 233 750 539 817; x_wconf 84' lang='lat' dir='ltr'><strong>adversus</strong></span> <span class='ocrx_word' id='word_1_58' title='bbox 596 772 787 817; x_wconf 88' lang='lat' dir='ltr'><strong>omne</strong></span> <span class='ocrx_word' id='word_1_59' title='bbox 841 750 1153 817; x_wconf 85' lang='lat' dir='ltr'><strong>solacium</strong></span> <span class='ocrx_word' id='word_1_60' title='bbox 1199 751 1409 818; x_wconf 88' lang='lat' dir='ltr'><strong>clusit.</strong></span> <span class='ocrx_word' id='word_1_61' title='bbox 1501 774 1541 816; x_wconf 89' lang='lat' dir='ltr'><strong>a</strong></span> <span class='ocrx_word' id='word_1_62' title='bbox 1586 752 2007 818; x_wconf 86' lang='lat' dir='ltr'><strong>sollemnibus</strong></span> <span class='ocrx_word' id='word_1_63' title='bbox 2054 753 2289 819; x_wconf 85' lang='lat' dir='ltr'><strong>officiis</strong></span> 
     </span>
     <span class='ocr_line' id='line_1_9' title="bbox 233 838 2290 927; baseline 0.001 -21"><span class='ocrx_word' id='word_1_64' title='bbox 233 838 498 906; x_wconf 88' lang='lat' dir='ltr'><strong>seducta</strong></span> <span class='ocrx_word' id='word_1_65' title='bbox 543 845 610 907; x_wconf 88' lang='lat' dir='ltr'><strong>et</strong></span> <span class='ocrx_word' id='word_1_66' title='bbox 653 842 863 926; x_wconf 85' lang='lat' dir='ltr'><strong>ipsam</strong></span> <span class='ocrx_word' id='word_1_67' title='bbox 909 839 1376 927; x_wconf 79' lang='lat' dir='ltr'><strong>magnitudinis</strong></span> <span class='ocrx_word' id='word_1_68' title='bbox 1420 840 1741 908; x_wconf 80' lang='lat' dir='ltr'><strong>fraternae</strong></span> <span class='ocrx_word' id='word_1_69' title='bbox 1784 842 1977 908; x_wconf 88' lang='lat' dir='ltr'><strong>nimis</strong></span> <span class='ocrx_word' id='word_1_70' title='bbox 2020 844 2290 909; x_wconf 88' lang='lat' dir='ltr'><strong>circum·</strong></span> 
     </span>
     <span class='ocr_line' id='line_1_10' title="bbox 229 929 2290 1000; baseline -0 -1"><span class='ocrx_word' id='word_1_71' title='bbox 229 929 556 1000; x_wconf 89' lang='lat' dir='ltr'><strong>lucentem</strong></span> <span class='ocrx_word' id='word_1_72' title='bbox 617 930 947 995; x_wconf 88' lang='lat' dir='ltr'><strong>fortunam</strong></span> <span class='ocrx_word' id='word_1_73' title='bbox 1011 951 1207 995; x_wconf 85' lang='lat' dir='ltr'><strong>exosa</strong></span> <span class='ocrx_word' id='word_1_74' title='bbox 1267 930 1515 996; x_wconf 88' lang='lat' dir='ltr'><strong>defodit</strong></span> <span class='ocrx_word' id='word_1_75' title='bbox 1572 954 1639 997; x_wconf 88' lang='lat' dir='ltr'><strong>se</strong></span> <span class='ocrx_word' id='word_1_76' title='bbox 1700 936 1767 997; x_wconf 91' lang='lat' dir='ltr'><strong>et</strong></span> <span class='ocrx_word' id='word_1_77' title='bbox 1824 931 2089 997; x_wconf 86' lang='lat' dir='ltr'><strong>abdidit.</strong></span> <span class='ocrx_word' id='word_1_78' title='bbox 2182 932 2290 999; x_wconf 88' lang='lat' dir='ltr'><strong>ad-</strong></span> 
     </span>
     <span class='ocr_line' id='line_1_11' title="bbox 141 1018 2289 1107; baseline -0.001 -18"><span class='ocrx_word' id='word_1_79' title='bbox 141 1039 198 1089; x_wconf 79' lang='lat'><strong>10.</strong></span> <span class='ocrx_word' id='word_1_80' title='bbox 233 1019 593 1086; x_wconf 89' lang='lat' dir='ltr'><strong>sidentibus</strong></span> <span class='ocrx_word' id='word_1_81' title='bbox 664 1019 916 1104; x_wconf 90' lang='lat' dir='ltr'><strong>liberis,</strong></span> <span class='ocrx_word' id='word_1_82' title='bbox 996 1018 1341 1105; x_wconf 84' lang='lat' dir='ltr'><strong>nepotibus</strong></span> <span class='ocrx_word' id='word_1_83' title='bbox 1413 1020 1758 1107; x_wconf 85' lang='lat' dir='ltr'><strong>lugubrem</strong></span> <span class='ocrx_word' id='word_1_84' title='bbox 1829 1024 2073 1087; x_wconf 82' lang='lat' dir='ltr'><strong>vestem</strong></span> <span class='ocrx_word' id='word_1_85' title='bbox 2154 1043 2289 1087; x_wconf 93' lang='lat' dir='ltr'><strong>non</strong></span> 
     </span>
     <span class='ocr_line' id='line_1_12' title="bbox 235 1107 2286 1196; baseline 0.001 -22"><span class='ocrx_word' id='word_1_86' title='bbox 235 1107 562 1193; x_wconf 82' lang='lat' dir='ltr'><strong>deposuit,</strong></span> <span class='ocrx_word' id='word_1_87' title='bbox 607 1129 744 1174; x_wconf 94' lang='lat' dir='ltr'><strong>non</strong></span> <span class='ocrx_word' id='word_1_88' title='bbox 789 1109 926 1175; x_wconf 89' lang='lat' dir='ltr'><strong>sine</strong></span> <span class='ocrx_word' id='word_1_89' title='bbox 962 1108 1357 1176; x_wconf 87' lang='lat' dir='ltr'><strong>contumelia</strong></span> <span class='ocrx_word' id='word_1_90' title='bbox 1395 1110 1685 1176; x_wconf 88' lang='lat' dir='ltr'><strong>omnium</strong></span> <span class='ocrx_word' id='word_1_91' title='bbox 1723 1132 2015 1195; x_wconf 89' lang='lat' dir='ltr'><strong>suorum,</strong></span> <span class='ocrx_word' id='word_1_92' title='bbox 2052 1111 2286 1196; x_wconf 89' lang='lat' dir='ltr'><strong>quibus</strong></span> 
     </span>
     <span class='ocr_line' id='line_1_13' title="bbox 234 1198 1208 1265; baseline 0 -1"><span class='ocrx_word' id='word_1_93' title='bbox 234 1198 432 1265; x_wconf 83' lang='lat' dir='ltr'><strong>salvis</strong></span> <span class='ocrx_word' id='word_1_94' title='bbox 478 1199 637 1265; x_wconf 85' lang='lat' dir='ltr'><strong>o‘rba</strong></span> <span class='ocrx_word' id='word_1_95' title='bbox 681 1198 809 1264; x_wconf 88' lang='lat' dir='ltr'><strong>sibi</strong></span> <span class='ocrx_word' id='word_1_96' title='bbox 853 1198 1208 1264; x_wconf 83' lang='lat' dir='ltr'><strong>videbatur.</strong></span> 
     </span>
     <span class='ocr_line' id='line_1_14' title="bbox 413 1285 2289 1375; baseline 0.001 -22"><span class='ocrx_word' id='word_1_97' title='bbox 413 1285 526 1353; x_wconf 90' lang='lat' dir='ltr'><strong>III.</strong></span> <span class='ocrx_word' id='word_1_98' title='bbox 597 1286 788 1353; x_wconf 80' lang='lat' dir='ltr'><strong>Livia</strong></span> <span class='ocrx_word' id='word_1_99' title='bbox 833 1289 1137 1354; x_wconf 86' lang='lat' dir='ltr'><strong>amiserat</strong></span> <span class='ocrx_word' id='word_1_100' title='bbox 1171 1287 1381 1353; x_wconf 87' lang='lat' dir='ltr'><strong>filium</strong></span> <span class='ocrx_word' id='word_1_101' title='bbox 1417 1286 1734 1372; x_wconf 84' lang='lat' dir='ltr'><strong>Drusum,</strong></span> <span class='ocrx_word' id='word_1_102' title='bbox 1770 1310 2079 1375; x_wconf 88' lang='lat' dir='ltr'><strong>magnum</strong></span> <span class='ocrx_word' id='word_1_103' title='bbox 2115 1289 2289 1355; x_wconf 89' lang='lat' dir='ltr'><strong>futu-</strong></span> 
     </span>
     <span class='ocr_line' id='line_1_15' title="bbox 230 1377 2287 1464; baseline 0 -21"><span class='ocrx_word' id='word_1_104' title='bbox 230 1399 378 1443; x_wconf 89' lang='lat' dir='ltr'><strong>rum</strong></span> <span class='ocrx_word' id='word_1_105' title='bbox 414 1378 805 1463; x_wconf 90' lang='lat' dir='ltr'><strong>principem,</strong></span> <span class='ocrx_word' id='word_1_106' title='bbox 841 1378 972 1443; x_wconf 88' lang='lat' dir='ltr'><strong>iam</strong></span> <span class='ocrx_word' id='word_1_107' title='bbox 1009 1399 1319 1464; x_wconf 87' lang='lat' dir='ltr'><strong>magnum</strong></span> <span class='ocrx_word' id='word_1_108' title='bbox 1350 1377 1605 1444; x_wconf 89' lang='lat' dir='ltr'><strong>ducem:</strong></span> <span class='ocrx_word' id='word_1_109' title='bbox 1642 1378 1995 1443; x_wconf 78' lang='lat' dir='ltr'><strong>intraverat</strong></span> <span class='ocrx_word' id='word_1_110' title='bbox 2029 1378 2287 1463; x_wconf 88' lang='lat' dir='ltr'><strong>penitus</strong></span> 
     </span>
     <span class='ocr_line' id='line_1_16' title="bbox 138 1464 2287 1553; baseline 0.003 -26"><span class='ocrx_word' id='word_1_111' title='bbox 138 1486 195 1529; x_wconf 65' lang='grc' dir='ltr'><strong>ιε</strong></span> <span class='ocrx_word' id='word_1_112' title='bbox 233 1464 645 1533; x_wconf 79' lang='lat' dir='ltr'><strong>Germaniam</strong></span> <span class='ocrx_word' id='word_1_113' title='bbox 691 1471 757 1533; x_wconf 90' lang='lat' dir='ltr'><strong>et</strong></span> <span class='ocrx_word' id='word_1_114' title='bbox 800 1467 892 1532; x_wconf 93' lang='lat' dir='ltr'><strong>ibi</strong></span> <span class='ocrx_word' id='word_1_115' title='bbox 939 1467 1126 1553; x_wconf 90' lang='lat' dir='ltr'><strong>signa</strong></span> <span class='ocrx_word' id='word_1_116' title='bbox 1161 1465 1458 1533; x_wconf 86' lang='lat' dir='ltr'><strong>Romana</strong></span> <span class='ocrx_word' id='word_1_117' title='bbox 1502 1468 1757 1551; x_wconf 87' lang='lat' dir='ltr'><strong>fixerat,</strong></span> <span class='ocrx_word' id='word_1_118' title='bbox 1784 1468 1917 1533; x_wconf 56' lang='lat' dir='ltr'><strong>⁴ubi</strong></span> <span class='ocrx_word' id='word_1_119' title='bbox 1960 1468 2073 1533; x_wconf 74' lang='lat' dir='ltr'><strong>vix</strong></span> <span class='ocrx_word' id='word_1_120' title='bbox 2116 1468 2287 1535; x_wconf 87' lang='lat' dir='ltr'><strong>ullos</strong></span> 
     </span>
     <span class='ocr_line' id='line_1_17' title="bbox 231 1554 2291 1642; baseline 0 -19"><span class='ocrx_word' id='word_1_121' title='bbox 231 1578 373 1623; x_wconf 85' lang='lat' dir='ltr'><strong>esse</strong></span> <span class='ocrx_word' id='word_1_122' title='bbox 430 1554 760 1623; x_wconf 88' lang='lat' dir='ltr'><strong>Romanos</strong></span> <span class='ocrx_word' id='word_1_123' title='bbox 818 1559 1048 1623; x_wconf 89' lang='lat' dir='ltr'><strong>notum</strong></span> <span class='ocrx_word' id='word_1_124' title='bbox 1109 1560 1260 1621; x_wconf 85' lang='lat' dir='ltr'><strong>erat.</strong></span> <span class='ocrx_word' id='word_1_125' title='bbox 1354 1559 1425 1621; x_wconf 92' lang='lat' dir='ltr'><strong>in</strong></span> <span class='ocrx_word' id='word_1_126' title='bbox 1478 1556 1886 1642; x_wconf 84' lang='lat' dir='ltr'><strong>expeditione</strong></span> <span class='ocrx_word' id='word_1_127' title='bbox 1933 1556 2291 1624; x_wconf 83' lang='lat' dir='ltr'><strong>decesserat</strong></span> 
     </span>
     <span class='ocr_line' id='line_1_18' title="bbox 230 1646 2289 1732; baseline 0.001 -22"><span class='ocrx_word' id='word_1_128' title='bbox 230 1646 395 1731; x_wconf 91' lang='lat' dir='ltr'><strong>ipsis</strong></span> <span class='ocrx_word' id='word_1_129' title='bbox 453 1646 642 1712; x_wconf 90' lang='lat' dir='ltr'><strong>illum</strong></span> <span class='ocrx_word' id='word_1_130' title='bbox 701 1646 998 1712; x_wconf 87' lang='lat' dir='ltr'><strong>hostibus</strong></span> <span class='ocrx_word' id='word_1_131' title='bbox 1059 1668 1324 1732; x_wconf 87' lang='lat' dir='ltr'><strong>aegrum</strong></span> <span class='ocrx_word' id='word_1_132' title='bbox 1370 1667 1519 1712; x_wconf 90' lang='lat' dir='ltr'><strong>cum</strong></span> <span class='ocrx_word' id='word_1_133' title='bbox 1564 1647 1975 1712; x_wconf 84' lang='lat' dir='ltr'><strong>veneratione</strong></span> <span class='ocrx_word' id='word_1_134' title='bbox 2021 1651 2087 1712; x_wconf 90' lang='lat' dir='ltr'><strong>et</strong></span> <span class='ocrx_word' id='word_1_135' title='bbox 2129 1669 2289 1732; x_wconf 87' lang='lat' dir='ltr'><strong>pace</strong></span> 
     </span>
     <span class='ocr_line' id='line_1_19' title="bbox 230 1735 2290 1822; baseline 0 -21"><span class='ocrx_word' id='word_1_136' title='bbox 230 1738 460 1801; x_wconf 88' lang='lat' dir='ltr'><strong>mutua</strong></span> <span class='ocrx_word' id='word_1_137' title='bbox 539 1735 1079 1821; x_wconf 88' lang='lat' dir='ltr'><strong>prosequentibus</strong></span> <span class='ocrx_word' id='word_1_138' title='bbox 1160 1757 1282 1802; x_wconf 90' lang='lat' dir='ltr'><strong>nec</strong></span> <span class='ocrx_word' id='word_1_139' title='bbox 1354 1740 1579 1821; x_wconf 85' lang='lat' dir='ltr'><strong>optare</strong></span> <span class='ocrx_word' id='word_1_140' title='bbox 1654 1735 1827 1821; x_wconf 89' lang='lat' dir='ltr'><strong>quod</strong></span> <span class='ocrx_word' id='word_1_141' title='bbox 1910 1735 2290 1822; x_wconf 84' lang='lat' dir='ltr'><strong>expediebat</strong></span> 
     </span>
     <span class='ocr_line' id='line_1_20' title="bbox 230 1824 2288 1912; baseline 0.001 -22"><span class='ocrx_word' id='word_1_142' title='bbox 230 1825 635 1892; x_wconf 91' lang='lat' dir='ltr'><strong>audentibus.</strong></span> <span class='ocrx_word' id='word_1_143' title='bbox 709 1825 1054 1892; x_wconf 87' lang='lat' dir='ltr'><strong>accedebat</strong></span> <span class='ocrx_word' id='word_1_144' title='bbox 1097 1824 1180 1892; x_wconf 90' lang='lat' dir='ltr'><strong>ad</strong></span> <span class='ocrx_word' id='word_1_145' title='bbox 1223 1826 1393 1892; x_wconf 88' lang='lat' dir='ltr'><strong>hanc</strong></span> <span class='ocrx_word' id='word_1_146' title='bbox 1438 1829 1739 1912; x_wconf 89' lang='lat' dir='ltr'><strong>mortem,</strong></span> <span class='ocrx_word' id='word_1_147' title='bbox 1788 1847 1982 1912; x_wconf 90' lang='lat' dir='ltr'><strong>quam</strong></span> <span class='ocrx_word' id='word_1_148' title='bbox 2019 1826 2131 1893; x_wconf 89' lang='lat' dir='ltr'><strong>ille</strong></span> <span class='ocrx_word' id='word_1_149' title='bbox 2165 1849 2288 1912; x_wconf 90' lang='lat' dir='ltr'><strong>pro</strong></span> 
     </span>
     <span class='ocr_line' id='line_1_21' title="bbox 135 1915 2288 2002; baseline 0.002 -25"><span class='ocrx_word' id='word_1_150' title='bbox 135 1934 194 1976; x_wconf 64' lang='grc' dir='ltr'><strong>ιο</strong></span> <span class='ocrx_word' id='word_1_151' title='bbox 229 1937 302 1980; x_wconf 92' lang='lat' dir='ltr'><strong>re</strong></span> <span class='ocrx_word' id='word_1_152' title='bbox 360 1915 624 1999; x_wconf 89' lang='lat' dir='ltr'><strong>publica</strong></span> <span class='ocrx_word' id='word_1_153' title='bbox 678 1916 951 2000; x_wconf 88' lang='lat' dir='ltr'><strong>obierat,</strong></span> <span class='ocrx_word' id='word_1_154' title='bbox 1007 1916 1233 2002; x_wconf 90' lang='lat' dir='ltr'><strong>ingens</strong></span> <span class='ocrx_word' id='word_1_155' title='bbox 1283 1916 1523 1982; x_wconf 82' lang='lat' dir='ltr'><strong>civium</strong></span> <span class='ocrx_word' id='word_1_156' title='bbox 1569 1917 2177 2001; x_wconf 82' lang='lat' dir='ltr'><strong>provinciarumque</strong></span> <span class='ocrx_word' id='word_1_157' title='bbox 2223 1920 2288 1982; x_wconf 92' lang='lat' dir='ltr'><strong>et</strong></span> 
     </span>
     <span class='ocr_line' id='line_1_22' title="bbox 230 2002 2287 2091; baseline 0 -21"><span class='ocrx_word' id='word_1_158' title='bbox 230 2005 436 2070; x_wconf 89' lang='lat' dir='ltr'><strong>totius</strong></span> <span class='ocrx_word' id='word_1_159' title='bbox 480 2002 707 2070; x_wconf 87' lang='lat' dir='ltr'><strong>Italiae</strong></span> <span class='ocrx_word' id='word_1_160' title='bbox 753 2003 1166 2090; x_wconf 89' lang='lat' dir='ltr'><strong>desiderium,</strong></span> <span class='ocrx_word' id='word_1_161' title='bbox 1209 2027 1329 2090; x_wconf 91' lang='lat' dir='ltr'><strong>per</strong></span> <span class='ocrx_word' id='word_1_162' title='bbox 1374 2027 1569 2091; x_wconf 90' lang='lat' dir='ltr'><strong>quam</strong></span> <span class='ocrx_word' id='word_1_163' title='bbox 1616 2005 1834 2071; x_wconf 84' lang='lat' dir='ltr'><strong>effusis</strong></span> <span class='ocrx_word' id='word_1_164' title='bbox 1881 2007 1950 2070; x_wconf 90' lang='lat' dir='ltr'><strong>in</strong></span> <span class='ocrx_word' id='word_1_165' title='bbox 1997 2007 2287 2071; x_wconf 87' lang='lat' dir='ltr'><strong>officium</strong></span> 
     </span>
     <span class='ocr_line' id='line_1_23' title="bbox 227 2093 2286 2180; baseline 0.001 -22"><span class='ocrx_word' id='word_1_166' title='bbox 227 2093 508 2180; x_wconf 85' lang='lat' dir='ltr'><strong>lugubre</strong></span> <span class='ocrx_word' id='word_1_167' title='bbox 553 2093 925 2179; x_wconf 87' lang='lat' dir='ltr'><strong>municipiis</strong></span> <span class='ocrx_word' id='word_1_168' title='bbox 971 2095 1374 2178; x_wconf 87' lang='lat' dir='ltr'><strong>coloniisque</strong></span> <span class='ocrx_word' id='word_1_169' title='bbox 1410 2116 1615 2180; x_wconf 88' lang='lat' dir='ltr'><strong>usque</strong></span> <span class='ocrx_word' id='word_1_170' title='bbox 1650 2095 1722 2160; x_wconf 89' lang='lat' dir='ltr'><strong>in</strong></span> <span class='ocrx_word' id='word_1_171' title='bbox 1755 2095 1982 2160; x_wconf 87' lang='lat' dir='ltr'><strong>urbem</strong></span> <span class='ocrx_word' id='word_1_172' title='bbox 2020 2094 2286 2160; x_wconf 88' lang='lat' dir='ltr'><strong>ductum</strong></span> 
     </span>
     <span class='ocr_line' id='line_1_24' title="bbox 230 2183 2287 2268; baseline -0 -19"><span class='ocrx_word' id='word_1_173' title='bbox 230 2186 373 2249; x_wconf 89' lang='lat' dir='ltr'><strong>erat</strong></span> <span class='ocrx_word' id='word_1_174' title='bbox 429 2183 624 2250; x_wconf 82' lang='lat' dir='ltr'><strong>funus</strong></span> <span class='ocrx_word' id='word_1_175' title='bbox 683 2184 1016 2268; x_wconf 88' lang='lat' dir='ltr'><strong>triumpho</strong></span> <span class='ocrx_word' id='word_1_176' title='bbox 1079 2185 1499 2250; x_wconf 88' lang='lat' dir='ltr'><strong>simillimum.</strong></span> <span class='ocrx_word' id='word_1_177' title='bbox 1600 2206 1733 2250; x_wconf 94' lang='lat' dir='ltr'><strong>non</strong></span> <span class='ocrx_word' id='word_1_178' title='bbox 1777 2184 2049 2250; x_wconf 84' lang='lat' dir='ltr'><strong>licuerat</strong></span> <span class='ocrx_word' id='word_1_179' title='bbox 2092 2185 2287 2250; x_wconf 90' lang='lat' dir='ltr'><strong>matri</strong></span> 
     </span>
     <span class='ocr_line' id='line_1_25' title="bbox 229 2272 2285 2360; baseline 0 -22"><span class='ocrx_word' id='word_1_180' title='bbox 229 2272 465 2338; x_wconf 87' lang='lat' dir='ltr'><strong>ultima</strong></span> <span class='ocrx_word' id='word_1_181' title='bbox 522 2273 643 2338; x_wconf 90' lang='lat' dir='ltr'><strong>filii</strong></span> <span class='ocrx_word' id='word_1_182' title='bbox 705 2275 927 2338; x_wconf 85' lang='lat' dir='ltr'><strong>oscula</strong></span> <span class='ocrx_word' id='word_1_183' title='bbox 981 2277 1367 2360; x_wconf 84' lang='lat' dir='ltr'><strong>gratumque</strong></span> <span class='ocrx_word' id='word_1_184' title='bbox 1422 2275 1691 2338; x_wconf 88' lang='lat' dir='ltr'><strong>extremi</strong></span> <span class='ocrx_word' id='word_1_185' title='bbox 1746 2295 2107 2339; x_wconf 87' lang='lat' dir='ltr'><strong>sermonem</strong></span> <span class='ocrx_word' id='word_1_186' title='bbox 2155 2275 2285 2340; x_wconf 90' lang='lat' dir='ltr'><strong>oris</strong></span> 
     </span>
     <span class='ocr_line' id='line_1_26' title="bbox 134 2361 2289 2448; baseline 0.003 -27"><span class='ocrx_word' id='word_1_187' title='bbox 134 2379 193 2421; x_wconf 61' lang='grc' dir='ltr'><strong>πε</strong></span> <span class='ocrx_word' id='word_1_188' title='bbox 228 2362 520 2446; x_wconf 85' lang='lat' dir='ltr'><strong>haurire3</strong></span> <span class='ocrx_word' id='word_1_189' title='bbox 564 2363 764 2448; x_wconf 87' lang='lat' dir='ltr'><strong>longo</strong></span> <span class='ocrx_word' id='word_1_190' title='bbox 812 2363 1042 2428; x_wconf 89' lang='lat' dir='ltr'><strong>itinere</strong></span> <span class='ocrx_word' id='word_1_191' title='bbox 1085 2362 1392 2446; x_wconf 89' lang='lat' dir='ltr'><strong>reliquias</strong></span> <span class='ocrx_word' id='word_1_192' title='bbox 1430 2361 1630 2428; x_wconf 91' lang='lat' dir='ltr'><strong>Drusi</strong></span> <span class='ocrx_word' id='word_1_193' title='bbox 1672 2364 1775 2428; x_wconf 90' lang='lat' dir='ltr'><strong>sui</strong></span> <span class='ocrx_word' id='word_1_194' title='bbox 1808 2367 2151 2446; x_wconf 88' lang='lat' dir='ltr'><strong>prosecuta</strong></span> <span class='ocrx_word' id='word_1_195' title='bbox 2186 2368 2289 2429; x_wconf 89' lang='lat' dir='ltr'><strong>tot</strong></span> 
     </span>
     <span class='ocr_line' id='line_1_27' title="bbox 229 2451 2287 2539; baseline 0.001 -24"><span class='ocrx_word' id='word_1_196' title='bbox 229 2473 350 2536; x_wconf 88' lang='lat' dir='ltr'><strong>per</strong></span> <span class='ocrx_word' id='word_1_197' title='bbox 388 2473 646 2518; x_wconf 88' lang='lat' dir='ltr'><strong>omnem</strong></span> <span class='ocrx_word' id='word_1_198' title='bbox 680 2451 938 2517; x_wconf 89' lang='lat' dir='ltr'><strong>Italiam</strong></span> <span class='ocrx_word' id='word_1_199' title='bbox 975 2451 1346 2518; x_wconf 87' lang='lat' dir='ltr'><strong>ardentibus</strong></span> <span class='ocrx_word' id='word_1_200' title='bbox 1379 2453 1583 2539; x_wconf 87' lang='lat' dir='ltr'><strong>rogis,</strong></span> <span class='ocrx_word' id='word_1_201' title='bbox 1619 2453 1805 2537; x_wconf 86' lang='lat' dir='ltr'><strong>quasi</strong></span> <span class='ocrx_word' id='word_1_202' title='bbox 1832 2453 2069 2518; x_wconf 89' lang='lat' dir='ltr'><strong>totiens</strong></span> <span class='ocrx_word' id='word_1_203' title='bbox 2098 2452 2287 2518; x_wconf 91' lang='lat' dir='ltr'><strong>illum</strong></span> 
     </span>
     <span class='ocr_line' id='line_1_28' title="bbox 231 2541 2286 2627; baseline 0.001 -23"><span class='ocrx_word' id='word_1_204' title='bbox 231 2541 584 2624; x_wconf 79' lang='lat' dir='ltr'><strong>amitteret,</strong></span> <span class='ocrx_word' id='word_1_205' title='bbox 627 2542 938 2624; x_wconf 70' lang='lat' dir='ltr'><strong>inritata,</strong></span> <span class='ocrx_word' id='word_1_206' title='bbox 1000 2545 1076 2605; x_wconf 89' lang='lat' dir='ltr'><strong>ut</strong></span> <span class='ocrx_word' id='word_1_207' title='bbox 1133 2541 1417 2626; x_wconf 88' lang='lat' dir='ltr'><strong>primum</strong></span> <span class='ocrx_word' id='word_1_208' title='bbox 1475 2545 1694 2607; x_wconf 87' lang='lat' dir='ltr'><strong>tamen</strong></span> <span class='ocrx_word' id='word_1_209' title='bbox 1746 2543 1971 2607; x_wconf 81' lang='lat' dir='ltr'><strong>intulit</strong></span> <span class='ocrx_word' id='word_1_210' title='bbox 2014 2543 2286 2627; x_wconf 86' lang='lat' dir='ltr'><strong>tumulo,</strong></span> 
     </span>
     <span class='ocr_line' id='line_1_29' title="bbox 232 2628 2290 2715; baseline 0 -21"><span class='ocrx_word' id='word_1_211' title='bbox 232 2630 430 2694; x_wconf 86' lang='lat' dir='ltr'><strong>simul</strong></span> <span class='ocrx_word' id='word_1_212' title='bbox 468 2632 534 2695; x_wconf 91' lang='lat' dir='ltr'><strong>et</strong></span> <span class='ocrx_word' id='word_1_213' title='bbox 567 2629 756 2696; x_wconf 91' lang='lat' dir='ltr'><strong>illum</strong></span> <span class='ocrx_word' id='word_1_214' title='bbox 793 2635 859 2696; x_wconf 90' lang='lat' dir='ltr'><strong>et</strong></span> <span class='ocrx_word' id='word_1_215' title='bbox 894 2628 1183 2697; x_wconf 91' lang='lat' dir='ltr'><strong>dolorem</strong></span> <span class='ocrx_word' id='word_1_216' title='bbox 1222 2652 1411 2696; x_wconf 90' lang='lat' dir='ltr'><strong>suum</strong></span> <span class='ocrx_word' id='word_1_217' title='bbox 1447 2631 1693 2715; x_wconf 86' lang='lat' dir='ltr'><strong>posuit,</strong></span> <span class='ocrx_word' id='word_1_218' title='bbox 1734 2652 1855 2697; x_wconf 91' lang='lat' dir='ltr'><strong>nec</strong></span> <span class='ocrx_word' id='word_1_219' title='bbox 1890 2631 2038 2715; x_wconf 89' lang='lat' dir='ltr'><strong>plus</strong></span> <span class='ocrx_word' id='word_1_220' title='bbox 2078 2631 2290 2696; x_wconf 87' lang='lat' dir='ltr'><strong>doluit</strong></span> 
     </span>
     <span class='ocr_line' id='line_1_30' title="bbox 233 2718 2289 2804; baseline 0.001 -20"><span class='ocrx_word' id='word_1_221' title='bbox 233 2740 432 2803; x_wconf 89' lang='lat' dir='ltr'><strong>quam</strong></span> <span class='ocrx_word' id='word_1_222' title='bbox 487 2724 601 2786; x_wconf 88' lang='lat' dir='ltr'><strong>aut</strong></span> <span class='ocrx_word' id='word_1_223' title='bbox 650 2719 998 2786; x_wconf 87' lang='lat' dir='ltr'><strong>honestum</strong></span> <span class='ocrx_word' id='word_1_224' title='bbox 1051 2723 1188 2786; x_wconf 89' lang='lat' dir='ltr'><strong>erat</strong></span> <span class='ocrx_word' id='word_1_225' title='bbox 1243 2718 1510 2785; x_wconf 83' lang='lat' dir='ltr'><strong>Caesare</strong></span> <span class='ocrx_word' id='word_1_226' title='bbox 1562 2722 1673 2784; x_wconf 90' lang='lat' dir='ltr'><strong>aut</strong></span> <span class='ocrx_word' id='word_1_227' title='bbox 1718 2741 1991 2804; x_wconf 90' lang='lat' dir='ltr'><strong>aequom</strong></span> <span class='ocrx_word' id='word_1_228' title='bbox 2041 2720 2289 2786; x_wconf 58' lang='lat' dir='ltr'><strong>Tiberio</strong></span> 
     </span>
    </p>
   </div>
   <div class='ocr_carea' id='block_1_3' title="bbox 228 2874 2289 3518">
    <p class='ocr_par' dir='ltr' id='par_1_3' title="bbox 228 2874 2289 3518">
     <span class='ocr_line' id='line_1_31' title="bbox 413 2874 2287 2949; baseline 0.001 -18"><span class='ocrx_word' id='word_1_229' title='bbox 413 2874 452 2931; x_wconf 78' lang='lat'><em>8</em></span> <span class='ocrx_word' id='word_1_230' title='bbox 497 2892 598 2931; x_wconf 87' lang='lat' dir='ltr'><strong>suo</strong></span> <span class='ocrx_word' id='word_1_231' title='bbox 629 2877 843 2934; x_wconf 72' lang='lat' dir='ltr'><strong>Hosius</strong></span> <span class='ocrx_word' id='word_1_232' title='bbox 885 2877 908 2949; x_wconf 80' lang='grc' dir='ltr'><strong>ΙΙ</strong></span> <span class='ocrx_word' id='word_1_233' title='bbox 953 2876 984 2933; x_wconf 79' lang='lat'><strong>7</strong></span> <span class='ocrx_word' id='word_1_234' title='bbox 1023 2876 1194 2932; x_wconf 87' lang='lat' dir='ltr'><strong>clusit</strong></span> <span class='ocrx_word' id='word_1_235' title='bbox 1228 2893 1367 2932; x_wconf 78' lang='lat' dir='ltr'><strong>corr.</strong></span> <span class='ocrx_word' id='word_1_236' title='bbox 1400 2879 1465 2932; x_wconf 78' lang='lat' dir='ltr'><strong>in</strong></span> <span class='ocrx_word' id='word_1_237' title='bbox 1501 2877 1707 2932; x_wconf 88' lang='lat' dir='ltr'><strong>clausit</strong></span> <span class='ocrx_word' id='word_1_238' title='bbox 1749 2879 1877 2944; x_wconf 77' lang='lat' dir='ltr'><strong>sort.</strong></span> <span class='ocrx_word' id='word_1_239' title='bbox 1907 2877 1993 2932; x_wconf 81' lang='lat' dir='ltr'><strong>A1</strong></span> <span class='ocrx_word' id='word_1_240' title='bbox 2038 2876 2287 2946; x_wconf 86' lang='lat' dir='ltr'><strong>(cludere</strong></span> 
     </span>
     <span class='ocr_line' id='line_1_32' title="bbox 229 2947 2287 3020; baseline 0.001 -18"><span class='ocrx_word' id='word_1_241' title='bbox 229 2947 491 3004; x_wconf 75' lang='lat' dir='ltr'><strong>sollemne</strong></span> <span class='ocrx_word' id='word_1_242' title='bbox 517 2963 556 3001; x_wconf 83' lang='lat' dir='ltr'><strong>a</strong></span> <span class='ocrx_word' id='word_1_243' title='bbox 596 2989 608 3002; x_wconf 89' lang='lat'><strong>.</strong></span> <span class='ocrx_word' id='word_1_244' title='bbox 628 2948 776 3017; x_wconf 61' lang='lat' dir='ltr'><strong>Sem,</strong></span> <span class='ocrx_word' id='word_1_245' title='bbox 795 2947 1058 3020; x_wconf 82' lang='lat' dir='ltr'><strong>claudere</strong></span> <span class='ocrx_word' id='word_1_246' title='bbox 1085 2955 1168 3004; x_wconf 82' lang='lat' dir='ltr'><strong>ter</strong></span> <span class='ocrx_word' id='word_1_247' title='bbox 1183 2954 1403 3004; x_wconf 73' lang='lat' dir='ltr'><strong>tantum</strong></span> <span class='ocrx_word' id='word_1_248' title='bbox 1421 2951 1665 3004; x_wconf 76' lang='lat' dir='ltr'><strong>enotavi.-</strong></span> <span class='ocrx_word' id='word_1_249' title='bbox 1683 2951 1901 3017; x_wconf 76' lang='lat' dir='ltr'><strong>epist.p.</strong></span> <span class='ocrx_word' id='word_1_250' title='bbox 1914 2953 2005 3016; x_wconf 79' lang='lat'><strong>49,</strong></span> <span class='ocrx_word' id='word_1_251' title='bbox 2018 2952 2053 3004; x_wconf 88' lang='lat'><strong><em>3</em></strong></span> <span class='ocrx_word' id='word_1_252' title='bbox 2064 2953 2287 3017; x_wconf 77' lang='lat'><strong>‚·122,6;</strong></span> 
     </span>
     <span class='ocr_line' id='line_1_33' title="bbox 230 3017 2287 3090; baseline -0 -15"><span class='ocrx_word' id='word_1_253' title='bbox 230 3021 468 3089; x_wconf 76' lang='lat'><strong>369,25)</strong></span> <span class='ocrx_word' id='word_1_254' title='bbox 495 3017 518 3090; x_wconf 78' lang='grc' dir='ltr'><strong>ΙΙ</strong></span> <span class='ocrx_word' id='word_1_255' title='bbox 577 3017 615 3073; x_wconf 81' lang='lat'><strong>5</strong></span> <span class='ocrx_word' id='word_1_256' title='bbox 642 3018 808 3090; x_wconf 86' lang='lat' dir='ltr'><strong>signa</strong></span> <span class='ocrx_word' id='word_1_257' title='bbox 822 3019 1085 3074; x_wconf 83' lang='lat' dir='ltr'><strong>Romana</strong></span> <span class='ocrx_word' id='word_1_258' title='bbox 1102 3019 1305 3074; x_wconf 82' lang='lat' dir='ltr'><strong>fixerat</strong></span> <span class='ocrx_word' id='word_1_259' title='bbox 1318 3021 1513 3074; x_wconf 77' lang='lat' dir='ltr'><strong>Muret</strong></span> <span class='ocrx_word' id='word_1_260' title='bbox 1530 3019 1752 3088; x_wconf 86' lang='lat' dir='ltr'><strong>signum</strong></span> <span class='ocrx_word' id='word_1_261' title='bbox 1772 3019 1913 3074; x_wconf 85' lang='lat' dir='ltr'><strong>Rom</strong></span> <span class='ocrx_word' id='word_1_262' title='bbox 1922 3021 2017 3074; x_wconf 88' lang='lat' dir='ltr'><strong>ani</strong></span> <span class='ocrx_word' id='word_1_263' title='bbox 2045 3019 2287 3075; x_wconf 85' lang='lat' dir='ltr'><strong>fixerunt</strong></span> 
     </span>
     <span class='ocr_line' id='line_1_34' title="bbox 228 3088 2289 3163; baseline 0.001 -19"><span class='ocrx_word' id='word_1_264' title='bbox 228 3089 290 3144; x_wconf 90' lang='lat' dir='ltr'><strong><em>A</em></strong></span> <span class='ocrx_word' id='word_1_265' title='bbox 328 3088 337 3162; x_wconf 84' lang='grc' dir='ltr'>Ι</span> <span class='ocrx_word' id='word_1_266' title='bbox 361 3089 435 3145; x_wconf 87' lang='grc'><strong>18</strong></span> <span class='ocrx_word' id='word_1_267' title='bbox 461 3089 935 3158; x_wconf 84' lang='lat' dir='ltr'><strong>prosequentibus</strong></span> <span class='ocrx_word' id='word_1_268' title='bbox 953 3089 1040 3146; x_wconf 75' lang='grc' dir='ltr'><strong>Αι</strong></span> <span class='ocrx_word' id='word_1_269' title='bbox 1057 3093 1305 3160; x_wconf 75' lang='lat' dir='ltr'><strong>(praeter</strong></span> <span class='ocrx_word' id='word_1_270' title='bbox 1319 3088 1449 3144; x_wconf 89' lang='lat' dir='ltr'><strong>ibus</strong></span> <span class='ocrx_word' id='word_1_271' title='bbox 1475 3091 1540 3145; x_wconf 75' lang='lat' dir='ltr'><strong>in</strong></span> <span class='ocrx_word' id='word_1_272' title='bbox 1560 3093 1693 3160; x_wconf 79' lang='lat' dir='ltr'><strong>ras.)</strong></span> <span class='ocrx_word' id='word_1_273' title='bbox 1720 3089 1742 3163; x_wconf 82' lang='grc' dir='ltr'><strong>ΙΙ</strong></span> <span class='ocrx_word' id='word_1_274' title='bbox 1768 3090 1839 3146; x_wconf 83' lang='grc'><strong>19</strong></span> <span class='ocrx_word' id='word_1_275' title='bbox 1868 3090 2289 3146; x_wconf 82' lang='lat' dir='ltr'><strong>accendebatur</strong></span> 
     </span>
     <span class='ocr_line' id='line_1_35' title="bbox 228 3161 2287 3235; baseline 0 -18"><span class='ocrx_word' id='word_1_276' title='bbox 228 3161 279 3217; x_wconf 87' lang='lat' dir='ltr'><em>J</em></span> <span class='ocrx_word' id='word_1_277' title='bbox 344 3203 356 3216; x_wconf 91' lang='lat'><strong>.</strong></span> <span class='ocrx_word' id='word_1_278' title='bbox 402 3162 618 3217; x_wconf 67' lang='lat' dir='ltr'><strong>Miiller</strong></span> <span class='ocrx_word' id='word_1_279' title='bbox 667 3161 690 3235; x_wconf 80' lang='grc' dir='ltr'>Η</span> <span class='ocrx_word' id='word_1_280' title='bbox 723 3161 796 3217; x_wconf 77' lang='grc'><strong>24</strong></span> <span class='ocrx_word' id='word_1_281' title='bbox 849 3162 1056 3217; x_wconf 88' lang='lat' dir='ltr'><strong>ultima</strong></span> <span class='ocrx_word' id='word_1_282' title='bbox 1100 3163 1164 3216; x_wconf 82' lang='lat' dir='ltr'>F</span> <span class='ocrx_word' id='word_1_283' title='bbox 1200 3168 1253 3219; x_wconf 80' lang='lat' dir='ltr'><strong>et</strong></span> <span class='ocrx_word' id='word_1_284' title='bbox 1287 3162 1394 3216; x_wconf 73' lang='lat' dir='ltr'><strong>alii</strong></span> <span class='ocrx_word' id='word_1_285' title='bbox 1430 3174 1465 3216; x_wconf 78' lang='grc' dir='ltr'><strong><em>ς</em></strong></span> <span class='ocrx_word' id='word_1_286' title='bbox 1506 3161 1729 3217; x_wconf 88' lang='lat' dir='ltr'><strong>utinam</strong></span> <span class='ocrx_word' id='word_1_287' title='bbox 1766 3163 1851 3218; x_wconf 86' lang='lat' dir='ltr'><strong>A⁵</strong></span> <span class='ocrx_word' id='word_1_288' title='bbox 1896 3164 1956 3234; x_wconf 90' lang='lat' dir='ltr'><strong>(u</strong></span> <span class='ocrx_word' id='word_1_289' title='bbox 1996 3164 2059 3217; x_wconf 75' lang='lat' dir='ltr'><strong>in</strong></span> <span class='ocrx_word' id='word_1_290' title='bbox 2099 3180 2211 3218; x_wconf 67' lang='lat' dir='ltr'><strong>‘ra-9.</strong></span> <span class='ocrx_word' id='word_1_291' title='bbox 2248 3167 2287 3218; x_wconf 82' lang='lat'><strong><em>2</em></strong></span> 
     </span>
     <span class='ocr_line' id='line_1_36' title="bbox 229 3230 2285 3318; baseline 0 -31"><span class='ocrx_word' id='word_1_292' title='bbox 229 3231 360 3301; x_wconf 74' lang='lat' dir='ltr'><strong>litt.)</strong></span> <span class='ocrx_word' id='word_1_293' title='bbox 392 3232 415 3318; x_wconf 74' lang='lat' dir='ltr'>fl</span> <span class='ocrx_word' id='word_1_294' title='bbox 449 3230 526 3288; x_wconf 76' lang='lat'><strong>26</strong></span> <span class='ocrx_word' id='word_1_295' title='bbox 560 3232 723 3288; x_wconf 89' lang='lat' dir='ltr'><strong>illum</strong></span> <span class='ocrx_word' id='word_1_296' title='bbox 751 3234 814 3290; x_wconf 83' lang='lat' dir='ltr'>F</span> <span class='ocrx_word' id='word_1_297' title='bbox 835 3241 898 3290; x_wconf 80' lang='lat' dir='ltr'><strong>ut</strong></span> <span class='ocrx_word' id='word_1_298' title='bbox 923 3236 1060 3305; x_wconf 63' lang='lat' dir='ltr'><strong>vola.</strong></span> <span class='ocrx_word' id='word_1_299' title='bbox 1090 3232 1250 3288; x_wconf 88' lang='lat' dir='ltr'><strong>illam</strong></span> <span class='ocrx_word' id='word_1_300' title='bbox 1281 3235 1336 3290; x_wconf 98' lang='lat' dir='ltr'><strong><em>A</em></strong></span> <span class='ocrx_word' id='word_1_301' title='bbox 1370 3233 1392 3308; x_wconf 82' lang='grc' dir='ltr'>Η</span> <span class='ocrx_word' id='word_1_302' title='bbox 1426 3233 1497 3290; x_wconf 80' lang='lat'><strong>28</strong></span> <span class='ocrx_word' id='word_1_303' title='bbox 1534 3234 1703 3289; x_wconf 89' lang='lat' dir='ltr'><strong>simul</strong></span> <span class='ocrx_word' id='word_1_304' title='bbox 1741 3237 1800 3290; x_wconf 87' lang='lat' dir='ltr'><strong>et</strong></span> <span class='ocrx_word' id='word_1_305' title='bbox 1835 3234 1998 3289; x_wconf 90' lang='lat' dir='ltr'><strong>illum</strong></span> <span class='ocrx_word' id='word_1_306' title='bbox 2026 3235 2083 3290; x_wconf 89' lang='lat' dir='ltr'><strong><em>A</em></strong></span> <span class='ocrx_word' id='word_1_307' title='bbox 2116 3234 2285 3289; x_wconf 89' lang='lat' dir='ltr'><strong>simul</strong></span> 
     </span>
     <span class='ocr_line' id='line_1_37' title="bbox 229 3305 2283 3379; baseline 0.001 -20"><span class='ocrx_word' id='word_1_308' title='bbox 229 3307 292 3360; x_wconf 88' lang='lat' dir='ltr'><strong>et</strong></span> <span class='ocrx_word' id='word_1_309' title='bbox 326 3305 510 3361; x_wconf 75' lang='lat' dir='ltr'><strong>filium</strong></span> <span class='ocrx_word' id='word_1_310' title='bbox 545 3305 822 3362; x_wconf 69' lang='lat' dir='ltr'><strong>Schultess</strong></span> <span class='ocrx_word' id='word_1_311' title='bbox 853 3305 875 3379; x_wconf 80' lang='grc' dir='ltr'>Η</span> <span class='ocrx_word' id='word_1_312' title='bbox 910 3305 982 3361; x_wconf 81' lang='grc'><strong>29</strong></span> <span class='ocrx_word' id='word_1_313' title='bbox 1020 3308 1142 3362; x_wconf 86' lang='lat' dir='ltr'><strong>erat</strong></span> <span class='ocrx_word' id='word_1_314' title='bbox 1175 3305 1417 3362; x_wconf 88' lang='lat' dir='ltr'><strong>Caesare</strong></span> <span class='ocrx_word' id='word_1_315' title='bbox 1455 3308 1556 3360; x_wconf 88' lang='lat' dir='ltr'><strong>aut</strong></span> <span class='ocrx_word' id='word_1_316' title='bbox 1594 3323 1834 3376; x_wconf 89' lang='lat' dir='ltr'><strong>aequom</strong></span> <span class='ocrx_word' id='word_1_317' title='bbox 1862 3305 2089 3362; x_wconf 88' lang='lat' dir='ltr'><strong>Tiberio</strong></span> <span class='ocrx_word' id='word_1_318' title='bbox 2128 3306 2283 3361; x_wconf 85' lang='lat' dir='ltr'><strong>salvo</strong></span> 
     </span>
     <span class='ocr_line' id='line_1_38' title="bbox 234 3376 2284 3450; baseline 0 -18"><span class='ocrx_word' id='word_1_319' title='bbox 234 3376 401 3434; x_wconf 77' lang='lat' dir='ltr'><strong>Gertz</strong></span> <span class='ocrx_word' id='word_1_320' title='bbox 436 3379 625 3449; x_wconf 86' lang='grc'>(1889)</span> <span class='ocrx_word' id='word_1_321' title='bbox 677 3379 802 3432; x_wconf 88' lang='lat' dir='ltr'><strong>erat</strong></span> <span class='ocrx_word' id='word_1_322' title='bbox 852 3393 1042 3450; x_wconf 72' lang='lat' dir='ltr'><strong>cesare</strong></span> <span class='ocrx_word' id='word_1_323' title='bbox 1089 3379 1191 3432; x_wconf 89' lang='lat' dir='ltr'><strong>aut</strong></span> <span class='ocrx_word' id='word_1_324' title='bbox 1237 3394 1383 3450; x_wconf 68' lang='lat' dir='ltr'><strong>equo</strong></span> <span class='ocrx_word' id='word_1_325' title='bbox 1419 3377 1609 3433; x_wconf 86' lang='lat' dir='ltr'><strong>maluo</strong></span> <span class='ocrx_word' id='word_1_326' title='bbox 1647 3380 1703 3432; x_wconf 90' lang='lat' dir='ltr'><strong><em>A</em></strong></span> <span class='ocrx_word' id='word_1_327' title='bbox 1746 3380 1869 3433; x_wconf 85' lang='lat' dir='ltr'><strong>erat</strong></span> <span class='ocrx_word' id='word_1_328' title='bbox 1906 3377 2145 3432; x_wconf 87' lang='lat' dir='ltr'><strong>Caesare</strong></span> <span class='ocrx_word' id='word_1_329' title='bbox 2184 3381 2284 3432; x_wconf 86' lang='lat' dir='ltr'><strong>aut</strong></span> 
     </span>
     <span class='ocr_line' id='line_1_39' title="bbox 229 3447 2283 3518; baseline -0.002 -14"><span class='ocrx_word' id='word_1_330' title='bbox 229 3464 473 3518; x_wconf 85' lang='lat' dir='ltr'><strong>aequom</strong></span> <span class='ocrx_word' id='word_1_331' title='bbox 497 3447 721 3504; x_wconf 85' lang='lat' dir='ltr'><strong>Nerone</strong></span> <span class='ocrx_word' id='word_1_332' title='bbox 745 3448 900 3504; x_wconf 85' lang='lat' dir='ltr'><strong>salvo</strong></span> <span class='ocrx_word' id='word_1_333' title='bbox 919 3449 1192 3506; x_wconf 70' lang='lat' dir='ltr'><strong>Schultess</strong></span> <span class='ocrx_word' id='word_1_334' title='bbox 1214 3452 1340 3505; x_wconf 87' lang='lat' dir='ltr'><strong>erat</strong></span> <span class='ocrx_word' id='word_1_335' title='bbox 1358 3448 1587 3504; x_wconf 84' lang='lat' dir='ltr'><strong>Caesari</strong></span> <span class='ocrx_word' id='word_1_336' title='bbox 1608 3451 1708 3504; x_wconf 83' lang='lat' dir='ltr'><strong>aut</strong></span> <span class='ocrx_word' id='word_1_337' title='bbox 1726 3465 1967 3518; x_wconf 89' lang='lat' dir='ltr'><strong>aequom</strong></span> <span class='ocrx_word' id='word_1_338' title='bbox 1988 3449 2113 3504; x_wconf 85' lang='lat' dir='ltr'><strong>alvo</strong></span> <span class='ocrx_word' id='word_1_339' title='bbox 2134 3450 2283 3506; x_wconf 76' lang='lat' dir='ltr'><strong>Ellis</strong></span> 
     </span>
    </p>
   </div>
  </div>
 </body>
</html>
