2544 3746
289 101 421 168 206
669 98 730 152 L.
760 97 1045 151 ANNAEI
1081 96 1411 152 SENECAE
1448 95 1638 153 DIAL.
1669 96 1803 149 LIB.
1833 95 1953 151 V11.

287 244 702 328 animumque
757 242 972 327 ipsum
1027 263 1260 329 genera
1315 242 1667 326 voluptatis
1715 264 1915 326 prava
1960 242 2081 306 sibi
2130 244 2339 307 multa

287 332 670 419 suggerere?
773 333 844 397 in
914 331 1142 415 primis
1213 331 1625 396 insolentiam
1690 334 1755 396 et
1815 331 2083 395 nimiam
2148 333 2340 397 aesti-

289 423 637 487 mationem
713 421 814 485 sui
885 425 1334 505 tumoremque
1398 420 1633 485 elatum
1704 442 1897 505 super
1960 424 2205 486 ceteros
2270 425 2340 487 et

289 533 572 576 amorem
617 532 832 576 rerum
880 532 1140 575 suarum
1187 532 1448 575 caecum
1486 512 1553 574 et
1588 509 2027 593 inprovidum,
2072 509 2339 575 delicias

287 600 546 665 fluentis
577 604 642 665 et
668 622 746 665 ex
775 600 1058 665 minimis
1097 621 1173 665 ac
1199 599 1553 684 puerilibus
1584 599 1793 663 causis
1822 599 2339 682 exsultationem,
2400 623 2421 662 ⁵

289 690 418 754 iam
474 690 878 755 dicacitatem
933 710 1007 753 ac
1062 689 1427 773 superbiam
1476 688 1883 754 contumeliis
1931 688 2337 773 gaudentem,

290 778 599 844 desidiam
654 778 1274 862 dissolutionemque
1330 778 1544 863 segnis
1602 778 1826 860 animi,
1884 777 2337 842 indormientis

215 885 249 935 3
290 868 430 933 sibi.
521 867 680 933 haec
726 868 944 931 omnia
989 868 1192 931 virtus
1242 866 1507 932 discutit
1554 870 1618 931 et
1662 888 1881 931 aurem
1927 866 2227 950 pervellit
2272 870 2338 931 et

286 957 651 1041 voluptates
698 956 1016 1039 aestimat,
1063 959 1409 1040 antequam
1456 955 1783 1037 admittat,
1826 976 1946 1021 nec
1992 978 2151 1040 quas
2188 978 2341 1040 pro·

290 1047 492 1129 bavit,
540 1046 760 1131 magni
804 1045 1028 1129 pendit
1055 1049 1167 1111 aut
1203 1046 1427 1130 utique
1466 1045 1661 1109 etiam
1699 1043 2009 1127 admittit,
2054 1066 2174 1111 nec
2210 1066 2337 1110 usu
2375 1068 2422 1108 ιο

290 1156 507 1200 earum
569 1135 678 1199 sed
732 1135 1158 1219 temperantia
1210 1136 1381 1200 laeta
1432 1138 1545 1199 est.
1638 1134 2063 1217 temperantia
2116 1138 2337 1199 autem

289 1245 438 1289 cum
483 1222 909 1309 [voluptates]
955 1225 1233 1307 minuat,
1292 1224 1530 1289 summi
1574 1222 1730 1287 boni
1774 1222 2010 1287 iniuria
2054 1226 2168 1288 est.
2260 1226 2335 1289 tu

289 1314 690 1398 voluptatem
755 1313 1224 1397 complecteris,
1290 1334 1410 1399 ego
1468 1333 1813 1397 conpes003
1872 1315 1946 1377 tu
2000 1311 2335 1396 voluptate

291 1402 550 1485 frueris,
595 1424 716 1488 ego
755 1405 931 1485 utor3
974 1406 1050 1467 tu
1087 1402 1268 1466 illam
1308 1423 1629 1466 summum
1666 1402 1910 1467 bonum
1945 1404 2163 1485 putas,
2210 1422 2333 1487 ego

287 1512 407 1557 nec
448 1491 721 1575 bonum3
767 1494 841 1555 tu
887 1492 1105 1556 omnia
1139 1490 1491 1575 voluptatis
1529 1512 1723 1556 causa
1757 1491 1915 1556 facis
1927 1540 1946 1574 ,
1990 1512 2112 1577 ego
2148 1490 2333 1555 nihil.
2371 1512 2419 1553 ιε

97 1602 102 1609 ’
218 1635 245 1682 1
465 1613 574 1680 ΧΙ.
652 1614 814 1681 Cum
873 1615 1016 1683 dico
1065 1638 1169 1681 me
1213 1614 1382 1681 nihil
1417 1615 1769 1699 voluptatis
1818 1636 2034 1699 causa,
2092 1615 2169 1681 de
2216 1616 2331 1680 illo

287 1705 520 1789 loquor
567 1706 881 1790 sapiente,
927 1706 1032 1772 cui
1078 1705 1200 1771 soli
1247 1705 1654 1771 concedimus
1700 1704 2118 1787 voluptatem.
2201 1727 2335 1770 non

286 1816 448 1860 voco
523 1796 736 1859 autem
811 1795 1190 1881 sapientem,
1267 1817 1462 1880 supra
1534 1816 1724 1880 quem
1799 1792 2145 1878 quicquam
2220 1797 2334 1878 est,

289 1883 526 1950 nedum
599 1885 925 1968 voluptas:
1000 1886 1180 1968 atqui
1255 1885 1335 1949 ab
1400 1884 1522 1949 hac
1586 1887 1935 1968 occupatus
2002 1883 2331 1968 quomodo

289 1974 544 2038 resistet
604 1974 813 2039 labori
876 1978 940 2040 et
991 1974 1309 2058 periculo,
1374 1974 1643 2060 egestati
1702 1976 1767 2038 et
1828 1976 1930 2037 tot
1982 1973 2334 2038 humanam
2369 1995 2415 2035 20

287 2063 486 2126 vitam
534 2062 1207 2146 circumstrepentibus
1246 2063 1482 2128 minis?
1555 2060 1877 2147 quomodo
1918 2066 2335 2146 conspectum

289 2151 530 2235 mortis,
571 2153 892 2236 quomodo
928 2152 1179 2218 dolores
1217 2152 1395 2235 feret,
1435 2151 1759 2236 quomodo
1789 2150 2014 2216 mundi
2044 2151 2333 2238 fragores

466 2398 499 2453 1
551 2414 872 2468 perversum
921 2400 1043 2457 sim.
1087 2405 1216 2468 post
1264 2399 1451 2468 ipsum
1478 2386 1778 2457 .desiderat
1834 2397 1998 2454 G-ertz
2058 2398 2064 2469 ξ
2124 2413 2335 2468 pravae

283 2471 571 2529 ‚Rossbach
629 2470 634 2540 Ι
696 2469 806 2524 sibi
849 2471 1041 2526 Haase
1092 2471 1189 2525 sed
1228 2471 1285 2525 A
1333 2486 1367 2524 a
1410 2487 1469 2525 se
1510 2471 1673 2525 Gertz
1719 2469 1739 2542 ΙΙ
1794 2469 1831 2524 4
1881 2471 2047 2524 verba
2095 2469 2333 2524 delicias

290 2538 515 2597 fluentis
557 2543 925 2597 Reitzenstein
976 2543 1051 2597 ad
1099 2561 1147 2598 v.
1192 2546 1228 2596 6
1280 2549 1408 2610 post
1456 2541 1799 2612 gaudentem
1848 2557 1964 2596 non
2011 2542 2133 2596 sine
2182 2544 2334 2598 iusta

291 2631 462 2670 eausa
496 2613 713 2668 videtur
749 2614 1042 2684 deleyasse,
1079 2615 1163 2669 ita
1199 2619 1262 2667 ut
1298 2611 1525 2668 fluentis
1559 2619 1727 2683 yenet.
1758 2629 1919 2668 casus
1945 2612 2021 2667 sit
2045 2612 2065 2684 ΙΙ
2096 2613 2125 2667 7
2157 2614 2332 2668 animi

284 2683 676 2758 sssdormientis
722 2683 806 2739 Αι
859 2701 1000 2753 quae
1053 2687 1198 2740 inter
1250 2685 1385 2739 haee
1439 2685 1547 2739 duo
1601 2686 1767 2739 verba
1817 2685 2047 2751 fuerant
2102 2685 2331 2752 litterae,

287 2773 479 2812 era-sae
513 2763 668 2823 sunt,
705 2762 770 2810 ut
803 2757 947 2810 nihil
983 2757 1142 2811 aliud
1177 2773 1329 2810 nune
1365 2762 1635 2824 appareat
1658 2757 1772 2810 nisi
1797 2762 1920 2824 post
1955 2755 2135 2810 animi
2172 2757 2277 2812 litt.
2305 2773 2331 2810 s

283 2835 490 2898 pwncto
525 2834 774 2882 notatam
807 2828 1010 2894 fuisse;
1053 2829 1118 2882 in
1162 2844 1332 2897 τηατ-9.
1370 2846 1440 2882 m.
1479 2829 1744 2882 recentior
1792 2826 2187 2882 indormientis
2233 2827 2330 2882 ad-

285 2901 508 2969 scripsit
533 2898 554 2970 Η
588 2899 624 2953 9
653 2914 793 2967 quas
823 2911 858 2952 ς
894 2899 1057 2966 quasi
1075 2902 1131 2954 A
1157 2899 1178 2983 U
1216 2898 1287 2952 10
1312 2898 1515 2968 pendit
1542 2899 1645 2952 aut
1668 2899 1868 2966 utique
1895 2899 2073 2953 etiam
2092 2899 2333 2971 Madvig

287 2971 488 3040 pendit
523 2969 675 3038 utiq;
723 2969 872 3024 enim
912 2970 986 3024 ad
1023 2971 1203 3026 mittit
1238 2971 1295 3025 A
1340 2969 1541 3040 pendit
1576 2973 1810 3038 totoque
1848 2969 2037 3026 animo
2076 2970 2333 3026 admittit

294 3041 455 3098 Gertz
490 3041 714 3112 pendit3
752 3042 951 3110 utique
980 3043 1129 3096 enim
1161 3044 1296 3110 <ut
1326 3045 1769 3112 supervacuas>
1800 3041 2057 3096 admittit
2076 3042 2329 3098 Reitzen-

287 3115 428 3167 stein
445 3114 465 3186 ΙΙ
484 3113 554 3168 12
571 3113 890 3182 voluptates
909 3115 1071 3168 uncis
1085 3114 1314 3168 inclusit
1333 3115 1700 3169 Reitzenstein
1717 3112 1805 3166 tui
1824 3119 1955 3182 post
1972 3113 2180 3167 summi
2197 3112 2331 3170 boni

290 3183 426 3236 addi
461 3184 662 3238 maluit
701 3184 864 3239 Gertz
899 3184 919 3256 ΙΙ
964 3184 1037 3239 14
1069 3186 1201 3238 utor
1234 3185 1300 3239 in
1334 3201 1443 3240 ras.
1474 3184 1559 3239 A⁶
1592 3185 1613 3258 Η
1651 3182 1723 3237 16
1758 3182 1973 3251 facere,
2010 3185 2160 3252 quod
2193 3185 2329 3256 voly.

289 3253 508 3309 addunt
533 3261 664 3323 post
699 3270 897 3322 eausa,
934 3273 1050 3311 non
1083 3261 1162 3310 est
1195 3257 1259 3310 in
1296 3257 1352 3311 A
1396 3255 1417 3328 il
1460 3254 1529 3309 17
1569 3254 1927 3311 concedimus
1963 3255 2087 3312 Joh.
2120 3257 2333 3312 Malleo-

293 3324 552 3378 concedis
581 3327 634 3378 A
668 3325 688 3408 [Ι
723 3324 796 3380 18
832 3327 918 3380 est
952 3329 1017 3382 in
1050 3327 1160 3394 fine
1195 3343 1384 3382 versus
1420 3327 1549 3397 add,
1580 3325 1677 3394 A’,
1708 3328 1875 3383 initio
1904 3343 2038 3382 vers.
2066 3343 2174 3397 seq.
2206 3334 2331 3384 ante

293 3409 363 3448 ne
401 3394 533 3448 dum
571 3403 834 3465 emptum
870 3405 989 3454 erat
1024 3397 1070 3452 8⁶
1097 3401 1327 3466 punctis
1352 3405 1627 3466 notatum,
1656 3399 1801 3468 quod
1826 3404 2014 3468 postea
2040 3415 2181 3455 eras.
2210 3406 2289 3456 est
2308 3398 2331 3471 11

296 3463 364 3516 19
399 3464 508 3518 hac
535 3465 617 3519 A⁶
653 3469 706 3536 (c
741 3469 805 3522 in
840 3485 949 3524 ras.
979 3473 1016 3524 2
1051 3469 1178 3539 litt.)
1215 3469 1236 3542 ΙΙ
1269 3469 1342 3524 22
1380 3470 1600 3525 dolores
1629 3483 1664 3524 ς
1700 3470 1909 3526 doloris
1939 3473 1992 3524 A
