2544 3746
451 107 552 161 AD
590 104 978 161 PAVLINVM
1015 106 1113 161 DE
1151 105 1576 162 BREVITATE
1604 105 1829 162 VITAE
1867 106 2022 163 CAP.
2054 113 2121 164 16
2204 109 2338 177 303

289 255 546 336 tempus
606 250 896 336 aliquod:
953 252 1080 318 hoc
1133 253 1577 320 recordatione
1622 254 2055 338 comprendit3
2112 253 2338 319 instat:

261 343 416 407 ·hoc
459 339 689 425 utitur3
749 344 1093 407 venturum
1146 346 1271 407 est:
1324 342 1452 409 hoc
1506 342 1837 427 praecipit.
1929 344 2195 427 longam
2240 342 2339 407 illi

288 432 491 497 vitam
535 429 694 495 facit
742 430 1035 496 omnium
1080 434 1449 516 temporum
1496 431 1565 496 in
1609 452 1812 496 unum
1856 430 2158 497 conlatiO.

467 534 642 606 XVI.
721 536 992 605 Illorum
1055 537 1437 604 brevissima
1499 558 1575 603 ac
1638 537 2102 603 sollicitissima
2164 541 2339 603 aetas
2378 554 2406 603 1

223 647 250 687 ο
289 628 411 710 est,
486 628 598 711 qui
657 629 1151 715 praeteritorum
1212 626 1714 712 obliviscuntur,
1769 626 2133 713 praesentia
2193 648 2340 694 nec-

285 715 539 802 legunt,
595 718 673 785 de
727 719 948 783 futuro
997 718 1258 785 timent:
1318 738 1467 784 cum
1527 717 1609 783 ad
1668 721 1954 783 extrema
2007 720 2339 802 venerunt,

289 826 428 871 sero
477 806 863 895 intellegunt
907 808 1154 893 miseri,
1208 811 1344 872 tam
1392 807 1505 873 diu
1556 830 1653 892 se,
1706 806 1859 873 dum
1904 807 2073 873 nihil
2116 809 2338 894 agunt,

287 900 634 981 occupatos
693 898 908 963 fuisse.
1009 919 1130 963 nec
1188 901 1313 983 est,
1369 897 1545 981 quod
1588 896 1718 962 hoc
1762 899 2144 983 argumento
2191 917 2339 981 pro·
2375 912 2406 961 2

283 984 424 1048 bari
482 990 671 1070 putes
729 987 996 1071 longam
1052 985 1204 1052 illos
1261 1006 1454 1072 agere
1511 986 1744 1068 vitam,
1802 986 1957 1069 quia
2014 985 2339 1051 interdum

192 1096 246 1134 ιο
284 1078 561 1139 mortem
623 1075 952 1140 invocant:
1016 1079 1209 1139 vexat
1263 1076 1412 1141 illos
1464 1074 1879 1159 inprudentia
1923 1073 2186 1140 incertis
2232 1074 2339 1141 ad-

284 1162 560 1228 fectibus
597 1166 665 1227 et
695 1162 1170 1232 incurrentibus
1197 1163 1268 1228 in
1296 1164 1463 1247 ipsa,
1503 1184 1668 1247 quae
1704 1165 2028 1249 metuunt;
2064 1165 2339 1228 mortem

287 1272 474 1336 saepe
539 1251 683 1317 ideo
750 1254 1006 1337 optant,
1067 1252 1222 1336 quia
1279 1252 1528 1319 timent.
1634 1253 1799 1319 illud
1846 1272 2105 1340 quoque
2151 1273 2339 1340 argu·
2376 1268 2409 1318 3

283 1344 575 1405 mentum
648 1362 784 1406 non
847 1346 946 1407 est
1011 1342 1186 1425 quod
1255 1346 1446 1431 putes
1520 1342 1633 1408 diu
1703 1344 2087 1428 viventium,
2163 1342 2339 1427 quod

287 1451 475 1515 saepe
521 1430 652 1497 illis
698 1432 934 1518 longus
981 1431 1239 1497 videtur
1283 1432 1446 1517 dies,
1492 1433 1695 1519 quod,
1742 1432 1899 1499 dum
1934 1433 2153 1498 veniat
2188 1452 2339 1497 con-

192 1541 245 1582 ιε
284 1520 527 1586 dictum
572 1524 828 1605 tempus
875 1542 1094 1607 cenae,
1140 1521 1322 1589 tarde
1368 1523 1461 1589 ire
1506 1524 1699 1588 horas
1747 1524 2132 1606 queruntur3
2184 1542 2337 1586 nam

282 1610 603 1768 :affl
605 1632 643 1676 ⁰
677 1610 830 1767 {32⁵
864 1610 1935 1786 Sfizfflflssd⁰⁰ffiffi⁵ssa
1955 1608 2309 1766 ⁰2³1tmhm⁰
2127 1610 2339 1765 ‘⁶¹⁵⁰‘ss

588 1749 609 1785 7
1443 1771 1451 1778 .

284 1787 512 1855 sciunt.
613 1789 832 1875 itaque
891 1791 973 1856 ad
1033 1790 1527 1875 occupationem
1586 1788 1871 1875 aliquam
1933 1790 2211 1856 tendunt
2272 1792 2338 1855 et

285 1880 459 1962 quod
512 1881 850 1947 interiacet
905 1903 1094 1946 omne
1139 1884 1397 1964 tempus
1444 1899 1640 1966 grave
1686 1882 1812 1964 est,
1864 1883 1999 1946 tam
2046 1901 2151 1946 me
2194 1879 2337 1946 her·

188 1990 244 2029 πο
283 1969 485 2053 cules,
546 1991 742 2054 quam
799 1991 947 2036 cum
994 1970 1130 2034 dies
1178 1968 1463 2035 muneris
1511 1968 1880 2055 gladiatorii
1925 1969 2172 2036 edictus
2220 1972 2337 2052 est,

282 2061 396 2123 aut
440 2080 589 2124 cum
635 2059 907 2124 alicuius
955 2058 1220 2124 alterius
1271 2058 1379 2123 vel
1433 2059 1785 2146 spectaculi
1829 2059 1935 2125 vel
1976 2058 2335 2143 voluptatis

281 2151 657 2230 expectatur
716 2148 1169 2230 constitutum,
1228 2148 1554 2214 transilire
1608 2148 1853 2215 medios
1906 2148 2041 2214 <lies
2086 2147 2335 2213 volunt.

282 2236 492 2301 omnis
565 2236 697 2300 illis
771 2239 1064 2321 speratae
1133 2236 1228 2301 rei
1290 2237 1489 2324 longa
1552 2238 1777 2303 dilatio
1844 2240 1968 2303 est:
2041 2240 2111 2302 at
2172 2236 2337 2302 illud
2373 2252 2407 2300 4

280 2326 568 2410 tempus,
614 2325 790 2409 quod
836 2329 1081 2410 amant,
1127 2326 1320 2392 breve
1366 2331 1465 2393 est
1500 2331 1566 2393 et
1600 2347 1907 2412 praeceps
1947 2325 2335 2412 breviusque

185 2433 240 2476 25
279 2414 487 2482 multo
535 2435 652 2481 suo
698 2415 774 2499 fit
817 2415 1006 2500 viti03
1053 2416 1326 2482 ,aliunde
1382 2416 1553 2483 enim
1604 2416 1734 2482 alio
1780 2415 2224 2504 transfugiunt
2270 2419 2336 2483 et

453 2609 494 2665 3
531 2609 762 2666 collatio
790 2623 826 2666 ς
861 2617 914 2668 et
946 2611 1086 2683 volq.
1127 2609 1444 2666 conlocatio
1481 2611 1538 2667 A
1582 2609 1605 2684 ΙΙ
1654 2609 1722 2666 11
1763 2625 1909 2680 quae
1944 2627 2083 2669 corr.
2114 2628 2194 2668 ex-
2219 2627 2335 2682 qua

277 2683 406 2750 fort.
437 2682 523 2739 A'
555 2682 577 2755 ΙΙ
611 2682 683 2738 18
717 2681 979 2756 puteslslll
1012 2684 1069 2739 A
1108 2683 1220 2753 Cin
1252 2683 1365 2752 βω
1398 2698 1589 2739 versus
1622 2683 1819 2738 vocula
1854 2683 2076 2754 aliqua,
2112 2700 2235 2740 esse
2270 2689 2336 2739 ut

276 2754 410 2821 vid„
464 2771 628 2810 erasa
680 2761 788 2821 θεὴ
841 2755 937 2811 secl
985 2756 1246 2812 incertior
1297 2759 1400 2822 est,
1457 2771 1625 2824 quam
1671 2761 1738 2810 ut
1783 2757 2022 2825 recupero
2070 2755 2335 2811 audeam'

280 2825 468 2896 Gertz)
505 2825 526 2897 ΙΙ
561 2824 634 2882 14
659 2826 852 2883 veniat
881 2827 1206 2882 condictum
1236 2827 1431 2883 eret
1466 2825 1663 2881 ueniat
1690 2827 2053 2882 acondictum
2080 2826 2167 2884 A²
2193 2843 2331 2884 corr.

277 2898 469 2953 eadem
504 2915 574 2953 m.
611 2899 677 2953 in
711 2898 950 2954 ueniant
987 2898 1391 2954 adcendictum
1435 2897 1457 2970 ΙΙ
1500 2896 1574 2953 15
1608 2897 1772 2954 tarde
1808 2899 1892 2955 ire
1928 2915 2057 2955 oras
2085 2901 2143 2956 A
2180 2899 2334 2971 (tard

277 2971 343 3024 in
377 2986 486 3024 ras.
525 2969 654 3037 fort.
692 2987 762 3024 m.
800 2972 856 3040 3)
906 2969 928 3042 ΙΙ
975 2970 1045 3025 17
1084 2972 1186 3025 aut
1220 2970 1361 3041 volq.
1402 2971 1472 3023 ut
1507 2970 1565 3025 A
1614 2969 1621 3042 Ι
1678 2973 1938 3026 exterant
1984 2972 2070 3027 W.
2102 2970 2333 3040 Gemoll,

276 3041 374 3096 sed
408 3047 548 3096 recte
587 3040 753 3096 Gertz
787 3058 908 3110 cap.
937 3045 990 3109 9,
1012 3048 1044 3097 1
1081 3042 1319 3097 contulit
1350 3039 1373 3114 ΙΙ
1406 3039 1478 3095 19
1515 3041 1668 3111 quod
1700 3059 1840 3100 corr.
1868 3043 1934 3098 in
1960 3043 2018 3098 A
2052 3061 2124 3098 m.
2150 3059 2332 3099 recm-

277 3131 388 3185 tior
422 3146 491 3184 ex
526 3145 636 3198 quo
679 3128 686 3201 Ι
728 3116 956 3185 intiac&
982 3130 1067 3186 A⁶
1105 3117 1183 3200 (ti
1208 3132 1274 3186 in
1298 3130 1435 3199 ras.)
1470 3129 1491 3201 ΙΙ
1524 3129 1597 3185 22
1632 3131 1919 3188 transilire
1944 3130 2031 3188 A⁶
2062 3131 2085 3206 Η
2118 3130 2192 3187 28
2227 3135 2329 3188 est.

277 3202 356 3254 At
384 3200 528 3254 illud
555 3202 805 3270 tempus,
834 3201 988 3270 quod
1016 3203 1213 3256 amant
1241 3203 1437 3258 Muret
1473 3203 1571 3257 est.
1627 3203 1849 3258 adillud
1885 3205 2125 3272 tempus.
2179 3204 2332 3273 quod

278 3273 500 3327 amanti
528 3272 583 3327 A
621 3274 722 3327 est.
781 3271 858 3326 At
887 3316 900 3329 .
933 3314 946 3327 .
977 3315 990 3328 .
1020 3272 1300 3328 damnant
1330 3273 1569 3345 Madvig}
1611 3274 1639 3400 Q
1674 3273 1747 3330 25
1783 3275 1849 3329 fit
1886 3275 2163 3331 Erasmus
2198 3275 2330 3330 add.

277 3350 407 3399 ante
451 3360 581 3411 suo,
622 3344 974 3413 probabilius
1015 3346 1343 3415 Wesenberg
1384 3351 1514 3401 ante
1556 3345 1613 3400 vi
1640 3345 1695 3400 io
1707 3367 1728 3413 ;
1776 3347 1920 3401 idem
1963 3352 2148 3402 tamen
2190 3345 2331 3401 vitio

278 3415 641 3484 <faciunt>
661 3415 830 3471 scribi
856 3416 1061 3472 mavolt
1087 3433 1187 3472 suo
1216 3418 1349 3471 voto
1371 3416 1533 3472 Koch
1559 3419 1621 3471 at
1647 3417 1793 3473 illud
1819 3420 2012 3486 temp„
2042 3434 2094 3486 q.
2117 3417 2329 3479 amant,

277 3486 400 3542 leve
437 3488 525 3542 est
561 3503 608 3543 e.
638 3504 693 3556 p.
724 3485 805 3541 br.
836 3485 993 3544 nullo
1027 3505 1128 3544 suo
1155 3487 1297 3544 vitio
1326 3487 1598 3545 Schultess
