2544 3746
209 49 294 116 ’ΤΟ
600 49 660 104 L.
691 47 977 102 ANNAEI
1014 47 1345 102 SENECAE
1383 46 1572 102 DIAL.
1604 46 1737 102 LIB.
1768 47 1861 102 ΙΙΙ.

135 211 166 258 8
205 194 668 280 magnitudinis
713 193 935 277 fidem3
981 194 1364 277 eloquentur
1400 192 1671 277 aliquid,
1709 193 1881 277 quod
1919 199 1991 258 tu
2028 194 2251 278 magni

205 284 411 348 animi
469 287 656 368 putes
665 333 683 366 ,
745 283 914 346 sicut
968 281 1034 346 G.
1066 280 1322 366 Caesar,
1385 283 1497 367 qui
1556 283 1757 346 iratus
1815 284 2017 367 caelo,
2075 282 2251 367 quod

206 376 683 457 opstreperetur
741 372 1185 458 pantomimis,
1246 392 1410 455 quos
1470 371 1845 436 imitabatur
1900 372 2250 438 studiosius

207 484 399 546 quam
465 461 822 546 spectabat,
887 461 1189 545 quodque
1251 461 1633 526 comessatio
1694 483 1810 526 sua
1868 461 2120 526 fulmin³
2110 462 2249 526 bus

205 554 548 615 terreretur
595 587 682 597 —
727 567 993 634 prorsus¹
1039 572 1270 634 parum
1317 550 1507 614 certis
1558 586 1640 597 —
1690 549 1772 614 ad
1815 572 2102 636 pugnam
2138 572 2251 615 vo-

206 639 378 705 cavit
412 637 632 705 Iovem
671 642 735 704 et
772 639 1031 724 quidem
1069 639 1207 705 sine
1243 639 1579 723 missione,
1614 637 2033 704 Homericum
2062 639 2251 730 illum

206 729 568 794 exclamans
615 749 898 793 versum.

840 847 922 903 Ἦ
953 847 1004 918 μ’
1047 845 1262 916 ἀνάειρ’
1305 845 1342 918 ἢ
1380 847 1487 919 ἐγὼ
1528 845 1603 902 σέ.

135 975 167 1024 9
207 962 448 1041 quanta
508 957 826 1023 dementia
883 959 1034 1023 fuit!
1125 959 1381 1043 putavit
1440 961 1555 1022 aut
1609 957 1734 1023 sibi
1777 957 1996 1024 noceri
2040 981 2122 1022 ne
2169 958 2249 1022 ab

203 1044 358 1112 Iove
421 1047 679 1131 quidem
744 1069 935 1132 posse
1000 1052 1112 1124 aut
1175 1070 1243 1112 se
1302 1069 1533 1114 nocere
1593 1047 1787 1113 etiam
1846 1045 1988 1112 Iovi
2042 1069 2249 1132 posse.

205 1133 338 1200 non
401 1139 560 1220 puto
625 1159 854 1220 parum
919 1137 1230 1201 momenti
1294 1138 1463 1203 hanc
1526 1137 1664 1202 eius
1726 1157 1952 1201 vocem
2018 1136 2096 1201 ad
2156 1137 2252 1200 ιιι-

207 1225 494 1291 citandas
541 1227 1021 1290 coniuratorum
1069 1230 1316 1291 mentes
1364 1225 1712 1328 addidisse3
1765 1226 2031 1290 ultimae
2078 1226 2252 1290 enim

205 1315 551 1398 patientiae
597 1315 809 1379 visum
856 1318 953 1380 est
999 1337 1145 1380 eum
1191 1316 1385 1398 ferre,
1437 1315 1550 1398 qui
1593 1312 1816 1395 Iovem
1860 1336 1995 1379 non
2039 1315 2250 1379 ferret.

135 1455 164 1505 1
383 1437 554 1504 XXI.
627 1437 817 1504 Nihil
871 1461 1024 1526 ergo
1079 1439 1150 1503 in
1199 1439 1322 1522 ira,
1366 1461 1449 1506 ne
1497 1460 1645 1504 cum
1689 1438 1946 1503 videtur
1992 1439 2250 1522 quidem

203 1528 546 1593 vehemens
609 1531 674 1592 et
745 1527 897 1592 deos
970 1528 1393 1612 hominesque
1466 1528 1825 1612 despiciens
1832 1576 1852 1611 ,
1924 1549 2251 1629 magnum,

203 1616 370 1680 nihil
403 1615 622 1681 nobile
660 1620 773 1682 est.
841 1620 965 1685 aut
1001 1617 1057 1682 si
1093 1615 1349 1681 videtur
1386 1617 1580 1682 alicui
1615 1638 1927 1703 magnum
1965 1616 2250 1681 animum

205 1705 302 1770 ira
353 1705 730 1788 producere,
786 1705 1080 1770 videatur
1125 1710 1191 1770 et
1234 1707 1493 1770 luxuria
1550 1743 1641 1752 —-
1700 1707 1891 1770 ebore
1951 1706 2252 1770 sustineri

203 1795 370 1879 vult,
407 1815 694 1879 purpura
729 1794 978 1880 vestiri,
1015 1817 1172 1860 auro
1209 1795 1374 1882 tegi,
1408 1800 1611 1860 terras
1648 1795 2012 1879 transferre,
2050 1795 2253 1859 maria

206 1883 611 1968 concludere,
649 1883 917 1953 flumina
953 1885 1403 1970 praecipitare,
1430 1907 1695 1950 nemora
1724 1884 2108 1969 suspendere
2146 1916 2253 1969 --,

133 1990 166 2038 2
204 1972 498 2038 videatur
555 1977 621 2037 et
678 1974 948 2038 avaritia
1006 1975 1226 2059 magni
1274 1974 1475 2038 animi
1532 2012 1621 2021 —
1680 1975 1924 2039 acervis
1972 1973 2111 2038 auri
2158 1997 2256 2037 ar·

206 2063 511 2148 gentique
548 2063 814 2128 incubat
849 2067 915 2129 et
949 2063 1431 2148 provinciarum
1466 2064 1837 2128 nominibus
1876 2085 2072 2149 agros
2096 2064 2255 2129 colit

207 2155 273 2217 et
325 2153 444 2217 sub
499 2152 773 2237 singulis
829 2152 1040 2218 vilicis
1085 2153 1352 2218 latiores
1396 2153 1594 2218 habet
1638 2153 1799 2218 fines
1847 2174 2041 2237 quam
2090 2175 2253 2236 quos

135 2258 166 2307 3
207 2242 501 2307 consules
566 2240 1002 2307 sortiebantur
1074 2278 1178 2325 —--,
1251 2242 1547 2307 videatur
1620 2246 1683 2307 et
1753 2242 1959 2307 libido
2033 2242 2254 2326 magni

206 2332 405 2395 animi
450 2334 876 2395 —transnat
921 2331 1110 2415 freta,
1157 2353 1505 2416 puerorum
1552 2353 1778 2417 greges
1826 2334 2087 2414 castrat,
2132 2331 2251 2395 sub

206 2418 493 2507 gladium
541 2420 758 2484 mariti
803 2421 982 2485 venit
1025 2424 1234 2485 morte
1282 2425 1653 2505 contempta
1702 2458 1805 2503 —,
1851 2420 2143 2483 videatur
2190 2424 2255 2483 et

205 2509 476 2574 ambitio
536 2508 758 2595 magni
811 2509 1011 2574 animi
1071 2546 1158 2556 —
1216 2531 1351 2573 non
1407 2513 1505 2574 est
1551 2512 1855 2574 contenta
1897 2508 2253 2573 honoribus

383 2664 419 2720 8
457 2666 624 2722 Hom.
658 2667 731 2721 11.
768 2670 830 2721 Ψ
856 2670 961 2722 724

383 2772 419 2827 2
457 2772 632 2827 animi
677 2774 808 2828 add.
848 2773 1014 2839 G-ertz
1058 2774 1181 2842 (cfr.
1221 2774 1356 2829 dial.
1389 2773 1479 2828 VI
1508 2778 1595 2841 16,
1620 2775 1675 2841 4)
1728 2771 1961 2841 spiritus
2004 2772 2254 2841 praefert

205 2844 366 2899 Koch
400 2844 616 2912 ingenii
645 2845 926 2899 Rossbach
962 2845 1206 2914 pectoris
1239 2845 1455 2899 Hosius
1492 2846 1573 2914 (p.
1604 2849 1692 2911 77,
1709 2845 1767 2911 2)
1812 2844 1899 2914 lg
1860 2862 1913 2913 g.
1954 2859 2115 2925 cesar
2143 2845 2198 2897 A
2233 2843 2254 2916 11

201 2914 239 2969 8
275 2917 696 2983 opstreperetur
721 2916 776 2971 A
815 2914 1165 2985 obstreperet
1194 2915 1247 2969 L
1284 2923 1337 2970 ct
1369 2916 1507 2985 vola.
1553 2914 1575 2985 ΙΙ
1617 2913 1655 2969 4
1691 2915 2026 2970 comessatio
2054 2916 2111 2969 A
2149 2915 2251 2981 cfr.

203 2986 338 3040 dial.
372 2987 506 3041 XII
531 2992 617 3053 10,
638 2991 674 3041 9
683 3007 704 3053 ;
740 3003 820 3055 ep.
853 2993 940 3053 51,
959 2992 994 3041 4
1025 2985 1056 3112 fl
1085 2987 1122 3040 5
1148 2985 1477 3041 turbaretur
1504 2987 1719 3041 Hosius
1744 2986 1763 3058 ΙΙ
1799 2986 1836 3039 8
1860 2986 2026 3039 verba
2051 3002 2119 3055 9⁹·
2119 3002 2255 3040 acca

203 3058 445 3112 restituit
491 3058 683 3113 Muret
737 3064 788 3111 et
841 3058 931 3111 ‘in
981 3058 1024 3112 li
1057 3074 1118 3112 ro
1169 3058 1359 3113 Siculo
1408 3058 1492 3111 ita
1537 3058 1737 3127 plane
1754 3058 2006 3111 omnibus
2056 3058 2255 3111 litteris

203 3130 468 3197 amptum
512 3128 614 3183 est’
668 3129 840 3183 addit.
889 3128 1590 3184 ΗΜΑΝΑΡΕΝΕΓΩΟΕ
1633 3130 1688 3183 Α
1740 3121 1761 3199 ΙΙ
1813 3127 1883 3181 21
1931 3128 2253 3195 provincias

205 3197 527 3254 nominibus
574 3215 838 3269 agrorum
886 3200 969 3254 W.
1003 3200 1214 3255 Gemoll
1260 3202 1401 3255 coni.
1447 3199 1530 3303 u
1514 3198 1589 3253 23
1626 3198 1892 3253 uideatur
1926 3198 2011 3255 A²
2062 3198 2143 3266 (ui
2190 3200 2255 3253 in

205 3274 340 3337 rae.)
384 3270 406 3342 ΙΙ
449 3270 524 3325 25
567 3271 727 3325 uenit
762 3272 943 3326 morte
970 3270 1055 3326 A¹
1091 3272 1184 3325 sed
1219 3289 1361 3326 uxor
1387 3273 1444 3326 A
1506 3272 1571 3324 in
1609 3288 1777 3341 niary.
1808 3271 1984 3325 adser.
2032 3277 2084 3323 et
2124 3276 2256 3338 post

206 3341 368 3465 uetnil}
400 3343 748 3467 ἰηῖεἷὲεηγιιίιιηι
784 3358 892 3397 esse
926 3344 1291 3413 significavi&
1324 3343 1533 3410 falsum
1569 3343 2110 3411 interpretamentum
2143 3358 2255 3397 esse

207 3428 270 3465 m
295 3428 320 3465 e
363 3428 451 3466 exi
647 3429 676 3467 z

2293 1067 2349 1108 10

2293 1547 2348 1586 15

2293 1992 2349 2031 20

2292 2437 2349 2477 25
