2544 3746
147 1033 202 1072 10

143 1480 199 1522 15

137 2378 194 2418 25

593 59 694 114 DE
733 57 1201 114 CONSTANTIA
1241 57 1621 114 SAPIENTIS
1661 58 1815 116 GAP.
1845 66 1898 115 4.
1930 64 1962 113 5
2218 63 2303 128 25

418 203 533 272 IV.
582 204 776 283 ‘Quid
849 205 1050 292 ergo?
1139 229 1272 271 non
1339 207 1462 271 erit
1534 207 1771 291 aliquis
1846 207 1958 290 qui
2026 207 2305 291 sapienti

237 296 450 361 facere
512 299 790 380 temptet
854 295 1154 360 iniuriam
1165 294 1222 359 ?’
1324 297 1698 381 temptabit,
1771 296 1884 362 sed
1956 318 2090 361 non
2163 318 2305 381 per-

237 389 580 451 venturam
636 383 719 450 ad
773 408 949 469 eum;
1004 384 1248 451 maiore
1305 387 1478 454 enim
1523 386 1867 452 intervallo
1916 409 1954 451 a
1998 389 2305 454 contactu

235 475 619 541 inferiorum
667 474 983 541 abductus
1031 478 1157 559 est,
1203 498 1399 560 quam
1447 479 1523 540 ut
1566 477 1703 541 ulla
1730 476 1829 540 vis
1865 476 2063 540 noxia
2096 497 2304 562 usque

237 564 320 631 ad
375 566 564 630 illum
612 564 781 631 vires
842 586 992 630 suas
1053 565 1351 649 perferat.
1445 566 1640 631 etiam
1696 587 1847 631 cum
1892 569 2191 651 potentes
2238 570 2305 630 et

235 655 513 740 imperio
561 654 719 720 editi
765 657 831 720 et
876 676 1196 721 consensu
1244 655 1665 721 servientium
1693 654 1893 720 validi
1937 677 2172 721 nocere
2208 656 2303 720 in-

234 744 532 828 tendent,
593 748 730 810 tam
795 744 959 811 citra
1012 744 1396 829 sapientiam
1463 766 1686 810 omnes
1743 767 1966 811 eorum
2022 745 2303 830 impetus

237 834 569 919 deficient,
623 855 822 919 quam
879 857 1043 919 quae
1095 855 1298 899 nervo
1354 834 1779 900 tormentisve
1831 835 1904 900 in
1947 835 2153 900 altum
2199 857 2305 900 ex-

234 923 612 1010 primuntur
623 974 644 1009 ,
707 945 858 991 cum
923 927 1105 990 extra
1148 924 1364 990 visum
1423 924 1777 1008 exilierint,
1835 924 1997 990 citra
2051 924 2303 990 caelum

233 1018 460 1079 tamen
503 1012 872 1080 flectuntur.
965 1012 1168 1097 quid?
1246 1017 1323 1079 tu
1368 1016 1560 1099 putas
1606 1018 1780 1098 tum,
1830 1036 1981 1079 cum
2027 1013 2303 1080 stolidus

235 1103 348 1168 ille
413 1125 531 1169 rex
593 1102 1012 1169 multitudine
1074 1103 1358 1169 telorum
1414 1104 1586 1169 diem
1643 1105 2048 1188 obscuraret,
2100 1105 2303 1168 ullam

235 1192 546 1279 sagittam
591 1191 662 1257 in
695 1192 904 1258 solem
948 1192 1252 1259 incidisse
1298 1197 1413 1258 aut
1457 1191 1752 1259 demissis
1789 1193 1862 1259 in
1903 1192 2305 1277 profundum

235 1282 484 1348 catenis
554 1280 942 1366 Neptunum
1022 1282 1316 1367 potuisse
1399 1281 1738 1370 contingi?
1845 1286 1921 1347 ut
2002 1283 2307 1349 caelestia

233 1370 558 1438 humanas
603 1393 836 1438 manus
884 1371 1206 1459 effugiunt
1242 1375 1310 1438 et
1345 1372 1426 1438 ab
1463 1371 1567 1438 his
1607 1373 1720 1457 qui
1755 1372 2002 1458 templa
2036 1372 2306 1438 diruunt

235 1483 314 1527 ac
359 1461 709 1528 simulacra
753 1460 1043 1528 conflant
1085 1461 1254 1528 nihil
1284 1461 1612 1528 divinitati
1654 1466 1953 1548 nocetur,
1998 1463 2091 1527 ita
2127 1461 2304 1547 quic-

237 1551 397 1637 quid
461 1552 539 1616 fit
602 1551 674 1618 in
735 1551 1095 1636 sapientem
1157 1555 1491 1637 proterve,
1551 1553 1948 1638 petulanter,
2011 1552 2306 1637 superbe,

235 1642 480 1706 frustra
542 1643 919 1726 temptatur.
1012 1641 1105 1706 ‘at
1168 1641 1373 1707 satius
1428 1645 1568 1707 erat
1621 1641 1948 1707 neminem
2006 1663 2145 1708 esse
2192 1642 2307 1727 qui

234 1731 448 1797 facere
493 1729 734 1797 vellet?
797 1753 938 1796 rem
984 1730 1321 1796 difficilem
1369 1735 1557 1816 optas
1596 1729 1886 1796 humano
1924 1731 2174 1817 generi,
2208 1731 2305 1796 in-

233 1819 638 1908 nocentiam3
703 1823 768 1887 et
827 1841 966 1887 non
1036 1820 1178 1887 fieri
1243 1843 1470 1888 eorum
1534 1821 1804 1887 interest
1886 1820 2001 1907 qui
2068 1820 2305 1889 facturi

231 1915 419 1995 sunt,
477 1932 617 1977 non
679 1912 818 1978 eius
884 1910 1000 1997 qui
1061 1912 1200 1997 pati
1262 1934 1348 1978 ne
1410 1913 1468 1978 si
1540 1912 1659 1977 fiat
1731 1911 1994 1997 quidem
2069 1914 2302 1997 potest.

232 2002 440 2067 immo
497 2000 718 2067 nescio
776 2023 861 2066 an
914 2002 1124 2088 magis
1169 2001 1340 2067 vires
1387 2002 1739 2086 sapientiae
1786 2000 2088 2068 ostendat
2130 2005 2304 2067 tran·

234 2090 530 2176 qusslitas
566 2090 738 2156 inter
771 2090 1184 2175 lacessentia,
1229 2091 1401 2157 sicut
1448 2092 1806 2156 maximum
1845 2094 2304 2178 argumentum

233 2184 335 2246 est
393 2179 804 2265 imperatoris
861 2180 1057 2245 armis
1103 2180 1390 2266 virisque
1446 2182 1757 2267 pollentis
1801 2183 1947 2246 tuta
1991 2181 2303 2246 securitas

231 2272 304 2347 in
348 2269 642 2336 hostium
686 2273 876 2335 terra.
2134 2337 2138 2341 .

416 2358 498 2426 V.
544 2358 960 2444 Dividamus‚
1018 2359 1074 2425 si
1138 2359 1261 2425 tibi
1319 2358 1603 2445 videtur,
1667 2357 1936 2444 Serene,
1996 2359 2301 2425 iniuriam

231 2472 273 2515 a
299 2449 715 2515 contumelia.
780 2450 962 2535 prior
995 2450 1112 2515 illa
1145 2454 1381 2515 natura
1415 2450 1678 2537 gravior
1723 2454 1848 2534 est,
1891 2449 2053 2515 haec
2094 2448 2303 2514 levior

232 2542 299 2604 et
344 2542 602 2604 tantum
645 2538 938 2605 delicatis
973 2539 1221 2625 gravis,
1267 2561 1399 2624 qua
1440 2561 1579 2604 non
1620 2538 1967 2605 laeduntur
2000 2538 2300 2605 homines

231 2626 349 2694 sed
396 2627 830 2694 offenduntur.
921 2631 1104 2693 tanta
1149 2632 1249 2694 est
1294 2632 1516 2695 tamen
1555 2629 1919 2694 animorum
1957 2628 2301 2695 dissolutio

233 2722 300 2783 et
346 2718 630 2803 vanitas,
689 2721 767 2784 ut
831 2717 1093 2803 quidam
1158 2716 1328 2783 nihil
1390 2718 1682 2785 acerbius
1741 2722 2001 2803 putent:
2058 2719 2153 2784 sic
2206 2718 2303 2783 in·

415 2855 456 2911 4
496 2856 620 2912 ulla
665 2874 804 2913 corr.
847 2874 916 2913 ex
963 2856 1082 2911 vila
1123 2859 1252 2926 fort.
1298 2857 1384 2914 A¹
1421 2857 1453 2985 L!
1501 2857 1538 2913 5
1584 2859 1642 2912 et
1677 2857 1919 2928 imperio
1946 2858 2005 2913 A
2043 2856 2123 2925 ei,
2159 2858 2297 2928 imp.

234 2929 433 2995 Gertz,
461 2935 595 2998 post
630 2944 835 2984 nocere
872 2929 1002 2985 add.
1043 2929 1098 2984 ei
1133 2941 1169 2983 ς
1193 2928 1215 3003 ΙΙ
1249 2928 1288 2983 6
1324 2929 1420 3002 edi
1447 2931 1470 2985 i
1497 2930 1554 2984 A
1590 2946 1730 2985 corr.
1759 2930 1899 3000 voly.
1934 2927 1957 3002 ΙΙ
1991 2928 2060 2983 11
2100 2928 2301 2985 obscu-

233 3018 391 3071 raret
426 3018 481 3084 (c
515 3033 559 3072 ε.
577 3035 630 3074 v.
649 3035 800 3073 man.
822 3019 876 3087 1)
906 3016 1072 3089 [lulla
1106 3022 1266 3084 (eras.
1297 3019 1345 3087 t)
1382 3019 1440 3075 A
1488 3017 1510 3090 ΙΙ
1558 3016 1629 3073 12
1676 3017 1938 3073 demissis
1984 3019 2303 3073 Pincianus

235 3087 488 3143 dimissis
515 3088 574 3143 A
607 3087 631 3162 ΙΙ
675 3088 748 3143 13
785 3088 1100 3159 constringi
1135 3090 1278 3145 coni.
1309 3090 1548 3159 Bentley
1581 3087 1603 3172 [Ι
1649 3088 1721 3144 15
1756 3088 2105 3161 simulacrall
2130 3090 2186 3159 (1
2216 3090 2297 3144 lit.

233 3165 398 3223 eras.)
441 3159 500 3216 A
644 3159 718 3214 16
776 3158 1021 3233 superbe
1071 3161 1127 3216 A
1190 3160 1212 3233 ΙΙ
1277 3160 1346 3216 17
1413 3161 1672 3215 adsatms
1736 3176 1875 3217 corr.
1928 3162 1993 3215 in
2055 3159 2300 3215 atsatius

233 3232 308 3287 A¹
321 3234 392 3267 ·²
442 3230 466 3305 ΙΙ
635 3231 921 3303 sapientia
968 3232 1236 3288 ostendat
1282 3231 1720 3301 tranquillitatis
1758 3234 1815 3289 A
1864 3249 2005 3288 corr.
2044 3232 2248 3302 Haupt
2283 3235 2301 3301 ι]

232 3302 305 3359 22
355 3296 701 3360 lacessentia
744 3303 844 3373 Α),
895 3305 1102 3361 lineola
1143 3312 1340 3375 postea
1390 3322 1551 3362 erasa
1602 3312 1681 3361 est
1726 3304 1749 3378 Η
1796 3303 1869 3361 28
1914 3303 2289 3379 imperatoris]

234 3375 407 3433 armis
427 3378 486 3435 A
515 3378 678 3449 (eras.
697 3378 811 3433 vid.
833 3379 940 3448 est)
969 3394 1107 3435 cerva
1128 3378 1264 3448 volq.
1286 3378 1307 3451 Η
1334 3376 1408 3434 24
1425 3377 1485 3433 in
1504 3376 1754 3433 hostium
1772 3375 2257 3434 turba-Klammer
2292 3374 2303 3449 1

233 3447 306 3505 28
341 3447 674 3505 offeduntur
700 3449 758 3505 A
799 3448 808 3521 Ι
849 3451 1018 3505 tanta
1055 3451 1144 3505 est
1177 3453 1374 3505 tamen
1409 3452 1474 3508 in
1508 3468 1619 3506 ras,
1651 3448 1739 3505 A⁸

2344 224 2372 272 1

2342 1034 2375 1081 2
