2544 3746
0 1891 30 1987 ἒξ·
0 1826 30 1871 ἱ...
0 1746 30 1810 U!
0 1651 31 1726 U!
0 1386 32 1591 klulu
0 1174 32 1370 ”lu-u

0 2146 31 2221 H!
0 2001 30 2064 ss!

0 2839 26 2971 int·
0 2693 27 2770 lu
0 2295 30 2644 {vnn-2211

329 34 461 103 164
717 30 780 89 L.
809 32 1091 87 ANNAEI
1128 31 1458 88 SENECAE
1495 12 1848 89 mAn'mB.
1878 30 1989 105 vi,

325 180 454 244 trio
515 178 712 265 digna
769 182 962 261 atque
1019 176 1287 265 indigna
1338 178 1607 263 passuri.
1701 178 2076 263 corporibus
2120 178 2362 243 nostris

325 268 722 353 inpotenter,
795 268 1286 351 contumeliose,
1364 266 1720 333 crudeliter·
1786 267 2108 333 abutetur:
2198 268 2363 333 alios

320 356 1261 529 ffii1¹2¹2231⁰51¹53⁶311223t2¹¹311
1288 356 2366 530 ξ’,ᾝῗοείῗέἓέἐῖιέἰῃῗοᾶῗξ

321 534 489 599 alios
535 557 650 617 per
694 533 936 600 incerta
978 534 1188 600 nudos
1233 534 1439 599 maria
1482 534 1746 601 iactabit
1791 538 1857 601 et
1897 535 2177 600 luctatos
2216 554 2368 600 cum

323 621 628 689 fluctibus
691 646 774 689 ne
836 624 907 688 in
968 624 1272 688 harenam
1334 623 1593 707 quidem
1657 625 1771 689 aut
1823 624 1980 689 litus
2044 624 2371 708 explodet,

325 710 438 776 sed
502 710 575 778 in
636 712 906 777 alicuius
978 712 1306 779 inmensae
1370 716 1658 778 ventrem
1728 713 1953 778 beluae
2026 711 2370 797 decondet;

329 801 489 866 alios
550 802 922 867 morborum
977 802 1147 869 varis
1209 802 1549 887 generibus
1604 806 1995 869 emaceratos
2041 800 2154 866 diu
2198 802 2368 871 inter

327 890 528 955 vitam
587 894 990 975 mortemque
1048 890 1296 956 medios
1356 890 1683 956 detinebit.
1774 895 1847 956 ut
1891 890 2069 956 varia
2114 894 2181 955 et
2222 890 2369 955 libi-

326 979 558 1045 dinosa
641 980 1238 1064 mancipiorumque
1326 1001 1591 1045 suorum
1675 980 2021 1067 neglegens
2104 978 2369 1045 domina

326 1071 391 1133 et
436 1068 662 1154 poenis
710 1072 776 1134 et
818 1069 1189 1134 muneribus
1237 1070 1489 1135 errabit.

505 1172 614 1239 XI.
691 1174 859 1252 Quid
919 1197 1081 1260 opus
1143 1179 1240 1241 est
1297 1179 1512 1260 partes
1573 1174 1848 1241 deflere?
1936 1179 2078 1241 tota
2130 1174 2367 1241 flebilis

326 1264 462 1329 vita
507 1267 629 1329 est:
675 1265 997 1351 urgebunt
1039 1286 1210 1329 nova
1255 1263 1692 1349 incommoda,
1726 1265 2104 1351 priusquam
2141 1266 2369 1330 veteri-

326 1353 446 1419 bus
485 1352 641 1419 natis
674 1352 919 1419 feceris.
991 1354 1456 1420 moderandum
1486 1357 1584 1420 est
1610 1354 1829 1439 itaque
1856 1354 2043 1420 vobis
2071 1355 2370 1437 maxime,

325 1463 490 1525 quae
550 1443 944 1509 inmoderate
1002 1442 1212 1527 fertis,
1271 1447 1338 1508 et
1391 1444 1460 1507 in
1514 1442 1753 1510 multos
1801 1443 2054 1509 dolores
2098 1441 2371 1508 humani

327 1532 606 1614 pectoris
653 1533 751 1597 vis
795 1531 1236 1615 dispensanda.
1322 1530 1499 1609 Quae
1544 1532 1773 1597 deinde
1810 1533 1936 1597 ista
1971 1554 2121 1599 suae
2157 1532 2371 1616 publi-

325 1641 566 1706 caeque
641 1620 1036 1686 condicionis
1112 1621 1357 1686 oblivio
1435 1620 1575 1685 est?
1693 1622 1987 1687 mortalis
2055 1625 2210 1687 nata
2278 1643 2370 1705 es,

331 1710 632 1774 mortales
694 1710 1028 1795 peperisti:
1099 1712 1289 1794 putre
1346 1709 1491 1794 ipsa
1548 1709 1949 1795 fluidumque
2007 1730 2241 1795 corpus
2302 1714 2373 1776 et

329 1799 538 1864 causis
575 1797 622 1882 †
660 1798 918 1864 morbos
963 1800 1247 1884 repetita
1286 1800 1559 1884 sperasti
1593 1802 1728 1864 tam
1764 1799 2065 1865 inbecilla
2100 1799 2375 1866 materia

216 1957 219 1960 ,
329 1888 536 1954 solida
581 1891 645 1953 et
691 1893 948 1954 aeterna
991 1887 1319 1975 gestasse?
1389 1888 1663 1955 decessit
1703 1890 1878 1955 filius
1914 1893 2095 1974 tuus,
2139 1889 2207 1954 id
2251 1893 2371 1974 est,

328 1977 689 2042 decucurrit
725 1975 805 2043 ad
839 1978 1015 2043 hunc
1050 1977 1272 2061 finem,
1311 1977 1393 2042 ad
1430 2000 1622 2064 quem
1652 2000 1816 2064 quae
1850 1978 2143 2044 feliciora
2176 1981 2374 2064 partu

325 2070 440 2131 tuo
503 2070 694 2152 putas
756 2070 1122 2153 properant.
1221 2066 1348 2132 hoc
1413 2068 1624 2133 omnis
1688 2067 1815 2133 ista
1874 2088 2037 2151 qnae
2095 2068 2167 2132 in
2222 2067 2371 2134 foro

323 2156 566 2242 litigat,
624 2160 854 2239 spectat
911 2157 980 2220 in
1037 2155 1337 2240 theatris,
1394 2157 1464 2220 in
1518 2157 1778 2240 templis
1834 2161 2135 2240 precatur
2179 2157 2373 2222 turba

502 2330 539 2385 5
575 2331 817 2386 iactabit
853 2345 888 2385 s·
932 2331 1174 2386 iactauit
1200 2331 1256 2386 A
1305 2331 1326 2403 ΙΙ
1374 2331 1412 2385 6
1448 2347 1517 2385 ac
1551 2331 1689 2385 litus
1730 2330 1893 2386 Gertz
1937 2331 1959 2404 Η
2009 2331 2039 2387 7
2078 2330 2249 2386 belua
2285 2332 2375 2387 A¹

323 2418 461 2458 corr.
491 2419 560 2458 m.
588 2406 628 2458 2
673 2401 698 2486 ΙΙ
741 2401 778 2458 8
812 2403 966 2457 uaris
994 2403 1050 2458 A
1086 2401 1264 2456 uariis
1300 2403 1364 2458 F
1404 2402 1425 2475 ΙΙ
1472 2402 1541 2457 11
1590 2403 1649 2458 et
1694 2403 1949 2473 (secundo
1985 2403 2120 2472 loco)
2157 2404 2223 2458 in
2254 2420 2371 2466 ras.

323 2473 410 2528 A⁶
457 2473 464 2541 Ι
515 2472 732 2528 errabit
766 2486 801 2528 ς
845 2474 1058 2530 errauit
1092 2475 1150 2529 A
1193 2473 1214 2547 Η
1262 2473 1335 2528 15
1371 2489 1519 2542 quae
1556 2477 1612 2529 A
1648 2474 1792 2543 quod
1826 2491 2015 2530 verum
2049 2475 2283 2541 videtur,
2322 2479 2376 2530 si

323 2545 541 2614 quidem
578 2546 898 2600 mulieribus
930 2545 1031 2601 hoc
1054 2546 1437 2615 praecipitio&
1476 2561 1581 2615 pro
1616 2552 1811 2600 neutro
1838 2545 1992 2614 plur.
2020 2546 2185 2602 habet
2219 2546 2377 2603 Ellis

326 2616 426 2685 qui
461 2617 774 2672 Pincianus
816 2616 914 2686 qui
952 2632 1023 2679 ea,
1059 2617 1298 2687 Madvig]
1350 2616 1358 2688 Ι
1414 2618 1473 2670 et
1509 2617 1569 2671 in
1604 2615 1814 2671 multos
1852 2615 2073 2672 dolores
2110 2629 2146 2672 ς
2190 2619 2250 2672 et
2284 2617 2375 2672 in-

323 2685 533 2742 multos
580 2690 638 2742 et
683 2687 964 2742 indolores
1006 2688 1063 2743 A
1113 2689 1171 2743 et
1215 2687 1279 2743 in
1321 2689 1506 2743 metus
1552 2690 1611 2743 et
1646 2689 1708 2742 in
1745 2687 1967 2742 dolores
2006 2705 2133 2743 cum
2170 2690 2303 2744 aliis
2340 2704 2377 2744 ς

321 2775 440 2814 own
465 2759 596 2814 benc
623 2759 862 2829 Madvig]
888 2766 941 2815 ct
966 2760 1246 2816 Rossbach
1280 2761 1339 2814 et
1363 2758 1572 2813 multos
1601 2762 1687 2814 est
1714 2759 1776 2814 in
1803 2758 2025 2814 dolores
2051 2759 2332 2816 Schultess
2363 2762 2371 2832 Ι

319 2830 562 2884 humani
595 2831 841 2899 pectoris
871 2831 956 2886 vis
985 2831 1224 2900 Madviy
1258 2831 1496 2884 humani
1531 2833 1730 2899 pectus
1758 2831 1815 2885 A
1850 2830 2088 2885 humani
2123 2833 2376 2900 pectoris

323 2901 388 2956 F
409 2901 644 2956 feminei
667 2902 912 2972 pectoris
939 2901 1116 2957 virtus
1139 2902 1412 2958 Schultess
1436 2901 1675 2956 humani
1700 2902 1945 2971 pectoris
1973 2902 2154 2972 pestis
2174 2903 2331 2958 Ellis
2356 2903 2379 2976 Η

323 2971 396 3026 16
432 2989 570 3028 suae
597 2974 654 3028 A
689 2975 826 3029 tuae
862 2987 898 3028 ς
945 2973 952 3044 Ι
987 2973 1059 3028 19
1095 2973 1281 3028 causis
1317 2972 1542 3029 morbos
1578 2973 1851 3045 repetitas
1877 2974 1935 3030 A
1972 2974 2161 3029 causis
2193 2976 2375 3030 omni-

324 3042 432 3098 bus
475 3045 723 3113 repetita
766 3062 816 3100 v.
845 3046 898 3100 d.
985 3046 1082 3100 liet
1130 3046 1316 3099 carnis
1360 3043 1556 3100 morbo
1601 3044 1848 3115 repetita
1894 3045 2136 3116 Madvig
2186 3048 2376 3102 carnis

323 3113 550 3169 morbos
589 3116 790 3172 sortita
817 3117 1064 3184 Psenm‘y
1099 3132 1170 3170 ex
1197 3115 1385 3172 carnis
1410 3115 1607 3172 morbo
1635 3115 1837 3172 sortita
1867 3116 2154 3186 Kiesslinq
2186 3118 2377 3172 causis

325 3200 394 3238 ac
428 3184 627 3240 morbo
662 3187 908 3256 repetita
944 3187 1098 3242 Ellis
1134 3187 1321 3241 causis
1355 3187 1676 3243 morborum
1712 3203 1831 3257 rep.
1866 3187 2031 3244 Gertz
2061 3185 2071 3258 Ι
2101 3186 2379 3244 inbecilla

325 3255 412 3311 A²
455 3256 696 3327 (simula
729 3264 926 3327 postea
964 3274 1126 3314 crasa
1162 3261 1258 3326 est)
1311 3256 1333 3329 ΙΙ
1384 3257 1458 3313 20
1502 3257 1686 3313 solida
1724 3258 1812 3313 A⁶
1864 3257 1872 3330 Ι
1929 3259 2181 3328 gestasse
2222 3259 2309 3315 A⁵
2358 3261 2382 3332 Η

326 3325 398 3379 22
433 3324 542 3381 hoc
579 3329 637 3397 (i.
658 3344 702 3384 c.
727 3329 868 3397 huc,
905 3330 1005 3398 cfr.
1034 3329 1170 3384 dial.
1203 3331 1258 3385 V
1283 3333 1376 3397 21,
1400 3332 1457 3401 3)
1486 3331 1542 3386 A
1584 3329 1606 3402 ΙΙ
1648 3329 1721 3384 23
1757 3330 1981 3400 spectat
2021 3330 2170 3400 quod
2211 3331 2379 3388 Gertz

323 3395 550 3454 addidit
594 3406 723 3468 post
773 3401 836 3456 in
889 3400 1128 3456 theatris
1193 3399 1438 3472 (desidet
1488 3402 1763 3458 Erasmus
1814 3400 2043 3472 plaudit
2092 3402 2379 3476 Madvig),

2408 1006 2465 1046 10

2411 1470 2467 1511 15
