2544 3746
0 1302 35 1643 !!!!!!2!!!!{
0 1228 35 1246 Σ

0 2199 35 2240 9⁸.
0 1706 35 2116 !!!!⁸.!!!!!!..!!

0 2403 34 2822 unuin-318⁸!
0 2351 34 2365 !

295 82 422 149 146
698 78 758 134 L.
789 77 1075 133 ANNAEI
1111 68 1443 131 SENECAE
1481 75 1675 131 DIAL.
1702 76 1837 131 LIB.
1868 76 1935 132 V.

290 247 548 292 causam
608 224 679 289 in
735 220 1016 289 frontem
1074 223 1353 288 mediam
1407 226 1724 307 quantum
1768 227 2025 307 poterat
2070 226 2343 291 attracta

292 314 522 400 pingui
560 314 764 379 saliva
798 313 1150 397 inspuisset
1183 310 1500 378 Lentulus
1538 312 1650 377 ille
1685 316 1945 396 patrum
1971 317 2344 379 nostrorum

291 404 604 470 memoria
673 403 984 469 factiosus
1059 405 1122 467 et
1193 402 1523 486 inpotens,
1593 402 1895 469 abstersit
1956 402 2189 469 faciem
2254 406 2344 469 et:
2396 470 2400 473 ,

295 491 710 558 ‘adfirmabo'
755 492 969 577 inquit
1025 490 1357 557 ‘omnibus
1366 542 1384 575 ,
1429 489 1730 576 Lentule,
1775 491 1917 557 falli
1963 513 2071 558 eos
2120 492 2237 577 qui
2280 497 2345 558 te

295 586 537 669 negant
578 603 655 648 os
698 579 974 649 habere?
1062 582 1066 585 ’
2411 602 2440 642 ⁶

219 709 246 756 1
467 686 766 754 XXXIX.
842 686 1134 773 Contigit
1178 687 1309 752 iam
1354 687 1571 771 nobis,
1624 684 1908 771 Novate,
1952 686 2117 752 bene
2170 708 2345 754 com-
2429 712 2437 719 ·

135 784 138 790 '
289 800 530 863 ponere
565 778 880 843 animum:
926 780 1040 842 aut
1072 797 1209 842 non
1245 778 1444 842 sentit
1478 775 1876 843 iracundiam
1910 780 2024 842 aut
2051 778 2347 861 superior

289 872 401 933 est.
493 867 827 933 videamus
887 865 1213 950 quomodo
1269 866 1547 931 alienam
1602 867 1768 931 iram
1819 864 2167 951 leniamus3
2223 888 2347 933 nec

289 958 461 1023 enim
507 958 649 1023 sani
694 978 833 1023 esse
877 959 1132 1022 tantum
1177 955 1507 1039 volumus,
1555 955 1667 1020 sed
1712 975 1953 1020 sanare.

215 1066 248 1113 2
468 1045 754 1112 Primam
817 1046 980 1110 iram
1042 1065 1178 1109 non
1241 1043 1620 1110 audebimus
1684 1044 1976 1110 oratione
2035 1046 2349 1113 mulcere:
2386 1066 2444 1107 ιο

290 1135 484 1201 surda
529 1140 630 1200 est
673 1139 740 1200 et
783 1156 1031 1218 amens3
1075 1132 1372 1199 dabimus
1418 1132 1518 1198 illi
1564 1133 1863 1217 spatium.
1946 1133 2233 1198 remedia
2276 1136 2349 1199 in

287 1224 775 1290 remissionibus
821 1226 1123 1309 prosunt3
1167 1242 1289 1288 nec
1334 1224 1558 1288 oculos
1604 1222 1914 1287 tumentis
1952 1225 2347 1307 temptamus

289 1314 423 1379 vim
458 1314 775 1401 rigentem
811 1312 1130 1379 movendo
1169 1312 1528 1396 imitaturi,
1563 1332 1685 1377 nec
1721 1313 1932 1377 cetera
1968 1312 2157 1397 vitia,
2191 1313 2349 1377 dum

217 1420 249 1468 3
289 1404 566 1468 fervent:
640 1403 828 1468 initia
862 1454 877 1467 .
890 1402 1265 1467 morborum
1331 1402 1513 1485 quies
1579 1403 1778 1466 curat.
1890 1400 1909 1430 ‘
1924 1401 2348 1499 quantulum'

289 1493 504 1577 inquis
571 1492 865 1576 ‘prodest
924 1490 1278 1556 remedium
1336 1494 1552 1575 tuum,
1610 1490 1668 1555 si
1722 1511 1839 1555 sua
1894 1494 2129 1574 sponte
2183 1490 2348 1556 desi·
2388 1512 2448 1553 ιε

286 1587 545 1646 nentem
583 1582 745 1646 iram
781 1579 1022 1666 placat!
1035 1579 1055 1608 '
1129 1580 1441 1664 primum,
1478 1582 1554 1643 ut
1589 1578 1780 1644 citius
1811 1579 2086 1663 desinat,
2116 1578 2349 1663 efficit3

289 1671 516 1736 deinde
578 1669 887 1754 custodit,
945 1691 1027 1734 ne
1086 1669 1395 1752 reccidat3
1440 1669 1657 1753 ipsum
1704 1688 1962 1753 quoque
2008 1669 2350 1754 impetum,

289 1782 480 1844 quem
535 1782 669 1825 non
723 1759 916 1825 audet
968 1759 1196 1842 lenire,
1252 1757 1461 1823 fallet:
1525 1757 1884 1823 removebit
1930 1758 2149 1823 omnia
2192 1759 2348 1823 ulti-

289 1850 432 1916 onis
479 1850 931 1933 instrumenta‚
978 1847 1309 1915 simulabit
1354 1848 1543 1932 iram,
1588 1850 1663 1913 ut
1708 1849 2041 1933 tamquam
2086 1848 2349 1915 adiutor

288 1944 354 2004 et
413 1940 656 2005 doloris
712 1960 926 2005 comes
981 1939 1132 2023 plus
1186 1937 1592 2003 auctoritatis
1639 1938 1710 2001 in
1754 1937 2044 2003 consiliis
2090 1936 2347 2021 habeat,
2384 1957 2451 2000 ιο

289 2051 502 2094 moras
548 2031 766 2093 nectet
807 2032 898 2111 et,
951 2027 1106 2091 dum
1152 2027 1464 2091 maiorem
1510 2047 1787 2110 poenam
1836 2026 2117 2110 quaerit,
2161 2047 2349 2110 prae-

218 2137 251 2182 4
290 2121 534 2183 sentem
599 2117 866 2182 differet.
959 2115 1137 2180 omni
1201 2119 1337 2179 arte
1400 2116 1690 2198 requiem
1752 2114 1959 2185 furori
2016 2114 2224 2180 dabit:
2290 2117 2352 2181 si

290 2207 449 2271 vehe
519 2206 730 2272 entior
791 2206 940 2289 erit,
1005 2208 1118 2269 aut
1181 2204 1496 2288 pudorem
1558 2203 1659 2267 illi
1722 2203 1830 2268 cui
1892 2224 2029 2268 non
2084 2204 2350 2269 resistat

289 2297 439 2361 incu
473 2297 560 2361 iet
606 2300 719 2360 aut
763 2299 1035 2378 metum3
1095 2293 1151 2359 si
1197 2293 1541 2377 infirmior,
1588 2313 1915 2358 sermones
1960 2291 2196 2358 inferet
2236 2294 2351 2358 vel

291 2389 510 2472 gratos
573 2385 679 2450 vel
735 2405 941 2450 novos
1002 2387 1069 2447 et
1126 2383 1481 2467 cupiditate
1538 2381 1974 2468 cognoscendi
2028 2381 2346 2448 avocabit.
2385 2403 2448 2444 25

291 2473 612 2539 medicum
673 2473 880 2555 aiunt,
940 2493 1088 2538 cum
1142 2473 1315 2558 regis
1375 2471 1578 2536 filiam
1633 2492 1856 2536 curare
1910 2469 2171 2536 deberet
2222 2493 2349 2538 nec

292 2563 428 2628 sine
501 2562 672 2627 ferro
746 2563 991 2646 posset,
1060 2559 1216 2626 dum
1278 2565 1637 2626 tumentem
1699 2579 2049 2625 mammam
2110 2560 2349 2626 leniter

290 2650 495 2735 fovet,
524 2651 900 2736 scalpellum
930 2671 1220 2735 spongea
1244 2653 1488 2715 tectum
1518 2648 1873 2714 induxisse:
1917 2655 2349 2735 repugnasset

290 2741 507 2825 puella
570 2739 852 2806 remedio
917 2741 1133 2825 palam
1192 2739 1481 2821 admoto,
1540 2736 1791 2821 eadem,
1851 2739 2003 2823 quia
2054 2759 2191 2803 non
2236 2761 2346 2804 ex·

291 2830 598 2914 pectavit,
665 2829 953 2895 dolorem
1018 2829 1184 2893 tulit.
1306 2827 1619 2911 quaedam
1683 2848 1819 2892 non
1881 2827 2008 2890 nisi
2072 2826 2348 2912 decepta
2386 2848 2447 2890 ³0

291 2923 613 2986 sanantur.

223 3043 248 3090 1
468 3024 600 3090 XL.
672 3023 880 3091 Alteri
927 3025 1124 3090 dices:
1173 3024 1351 3088 ‘vide
1396 3046 1477 3088 ne
1524 3021 1802 3088 inimicis
1850 3021 2183 3088 iracundia
2226 3028 2347 3088 tua

291 3114 613 3199 voluptati
674 3113 806 3197 sit',
879 3115 1090 3179 alteri:
1165 3113 1340 3178 ‘vide
1398 3135 1480 3178 ne
1540 3112 1918 3198 magnitudo
1980 3111 2183 3177 animi
2242 3114 2346 3178 tui

471 3305 541 3360 17
580 3306 830 3361 reccidat
865 3306 922 3361 A
955 3308 976 3380 ΙΙ
1011 3306 1080 3362 21
1111 3307 1299 3380 querit
1327 3308 1387 3376 (q
1414 3323 1483 3362 ex
1510 3322 1543 3361 o
1570 3308 1733 3375 corr.)
1762 3305 1819 3360 A
1852 3305 1875 3378 ΙΙ
1908 3303 1981 3360 24
2007 3303 2215 3360 inferet
2238 3305 2348 3360 Ls’

293 3375 466 3430 infert
499 3379 556 3431 A
583 3377 728 3503 3328
770 3393 1022 3466 spongea
1066 3380 1123 3435 A
1168 3380 1270 3448 cfr.
1316 3395 1437 3448 cap.
1480 3381 1565 3446 19,
1592 3381 1629 3433 3
1664 3384 1716 3433 et
1751 3381 1787 3432 4
1820 3377 1843 3449 Η
1885 3375 1959 3432 8⁰
2004 3374 2248 3446 decepta
2284 3379 2347 3434 A

295 3445 548 3515 deceptis
641 3449 938 3505 adnubner
