2544 3746
562 86 661 142 DE
697 71 1164 144 CONSTANTIA
1204 83 1583 141 SAPIENTIS
1620 83 1773 142 cAP.
1808 93 1891 141 11.
1925 92 1989 142 ιι
2213 91 2300 159 35

255 235 447 318 sputo
505 232 821 318 adspersit
885 234 998 296 aut
1055 230 1329 296 nudavit
1381 230 1450 296 in
1505 234 1853 316 conspectu
1900 253 2165 299 suorum
2210 238 2301 300 te-

253 321 464 408 genda
525 325 590 387 et
633 321 844 387 verbis
906 320 1388 387 obscenioribus
1450 341 1585 384 non
1637 321 1951 406 pepercit,
2014 325 2079 387 et
2134 323 2304 388 nihil

251 410 488 476 horum
543 410 1000 476 contumeliam
1057 408 1350 474 dicimus.
1442 408 1683 492 quare?
1773 410 1926 495 quia
1978 411 2093 495 qui
2145 411 2304 478 facit

252 503 662 565 contemnere
705 521 840 564 non
875 500 1105 583 potest.
1172 497 1393 563 eadem
1432 519 1625 563 causa
1661 500 1784 582 est,
1820 519 1936 564 cur
1969 520 2089 565 nos
2125 522 2302 566 man-
2337 518 2373 568 8

252 589 574 673 cipiorum
618 591 989 653 nostrorum
1025 586 1357 652 urbanitas
1394 586 1465 650 in
1501 586 1798 652 dominos
1836 589 2304 655 contumeliosa

185 699 194 704 ·
253 676 554 762 delectet,
610 697 887 763 quorum
943 675 1213 742 audacia
1265 675 1361 741 ita
1405 674 1665 741 demum
1712 675 1836 742 sibi
1881 678 1950 743 in
1998 678 2300 743 convivas

163 1053 216 1093 10

159 1978 216 2017 20

161 2421 216 2461 25

253 767 355 831 ius
401 766 586 850 facit,
631 767 687 831 si
733 765 948 850 coepit
993 788 1032 830 a
1077 764 1373 850 domin03
1427 768 1491 830 et
1534 769 1610 830 ut
1656 765 1929 850 quisque
1974 770 2301 852 contemp-

251 855 542 920 tissimus
589 858 655 920 et
698 856 804 920 vel
845 854 1200 920 ludibrium
1247 857 1374 938 est,
1426 854 1520 918 ita
1564 854 1995 920 solutissimae
2039 855 2301 942 linguae

253 947 366 1009 est.
458 964 694 1028 pueros
751 942 1014 1027 quidam
1071 943 1142 1008 in
1183 942 1314 1008 hoc
1358 946 1724 1008 mercantur
1767 965 2071 1028 procaces
2118 949 2181 1010 et
2226 945 2301 1009 il-

250 1032 467 1097 lorum
495 1031 962 1117 impudentiam
999 1034 1240 1098 acuunt
1276 1053 1353 1097 ac
1388 1032 1508 1096 sub
1548 1033 1857 1118 magistro
1892 1032 2151 1117 habent,
2188 1035 2301 1118 qui

250 1121 491 1206 probra
543 1121 849 1186 meditate
908 1119 1264 1201 effundant,
1318 1141 1439 1185 nec
1482 1119 1600 1185 has
1647 1122 2069 1187 contumelias
2115 1143 2301 1188 voca-

249 1230 425 1294 mus,
478 1209 590 1275 sed
645 1211 959 1296 argutias.
1014 1213 1257 1295 quanta
1310 1212 1527 1275 autem
1582 1208 1903 1274 dementia
1955 1215 2053 1275 est
2097 1201 2300 1276 isdem

249 1299 447 1364 modo
494 1298 827 1382 delectari,
869 1298 1064 1364 modo
1112 1296 1379 1382 offendi,
1424 1301 1490 1363 et
1522 1320 1659 1363 rem
1698 1299 1777 1363 ab
1815 1300 2023 1364 amico
2062 1299 2300 1365 dictam

252 1388 669 1454 maledictum
714 1410 973 1472 vocare,
1019 1411 1058 1452 a
1103 1387 1359 1452 servulo
1406 1388 1688 1452 ioculare
1735 1388 2127 1453 convicium!

432 1511 575 1578 ΧΠ.
624 1512 829 1589 Quem
876 1512 1165 1577 animum
1200 1532 1322 1577 nos
1360 1511 1662 1576 adversus
1700 1532 1935 1597 pueros
1970 1511 2302 1597 habemus,
2340 1531 2369 1580 1

251 1601 428 1667 hunc
491 1602 746 1686 sapiens
802 1600 1106 1684 adversus
1162 1621 1384 1666 omnes
1393 1650 1414 1685 ,
1473 1601 1705 1685 quibus
1762 1601 1957 1666 etiam
2012 1605 2163 1685 post
2206 1602 2301 1667 iu-

249 1695 510 1756 ventam
558 1711 882 1775 canosque
925 1690 1260 1776 puerilitas
1308 1692 1421 1754 est.
1486 1711 1569 1754 an
1616 1691 1963 1775 quicquam
2009 1691 2120 1755 isti
2153 1713 2302 1776 pro-

251 1781 569 1864 fecerunt,
624 1780 858 1864 quibus
895 1779 1164 1864 puerilis
1210 1779 1411 1844 animi
1465 1777 1638 1844 mala
1691 1782 1843 1844 sunt
1887 1779 2187 1864 auctique
2232 1781 2302 1844 in

252 1869 462 1935 maius
509 1890 782 1952 errores,
829 1869 942 1952 qui
979 1892 1019 1933 a
1041 1869 1258 1952 pueris
1295 1867 1740 1955 magnitudine
1776 1871 2029 1934 tantum
2066 1869 2301 1936 forma-

253 1978 380 2042 que
435 1980 782 2043 corporum
839 1958 1171 2041 differunt,
1223 1960 1509 2023 ceterum
1562 1979 1697 2022 non
1750 1958 1965 2022 minus
2010 1959 2175 2045 vagi
2194 1982 2301 2023 ιιι-

251 2048 568 2131 certique,
612 2047 1045 2150 voluptatium
1109 2047 1246 2111 sine
1301 2046 1542 2112 dilectu
1604 2046 2002 2131 adpetentes,
2063 2047 2301 2132 trepidi

251 2140 319 2199 et
371 2157 506 2200 non
559 2136 821 2221 ingenio
869 2136 980 2200 sed
1026 2135 1372 2200 formidine
1418 2134 1665 2219 quieti?
1752 2157 1887 2200 non
1931 2134 2075 2200 ideo
2124 2138 2299 2219 quic·
2335 2152 2368 2201 2

253 2246 450 2308 quam
497 2224 665 2288 inter
709 2224 858 2289 illos
894 2245 1256 2309 puerosque
1295 2224 1599 2289 interesse
1636 2224 1781 2309 quis
1819 2223 2079 2308 dixerit,
2124 2224 2300 2309 quod

251 2314 386 2378 illis
431 2314 714 2377 talorum
757 2334 1077 2378 nucumve
1124 2316 1188 2377 et
1233 2313 1399 2377 aeris
1445 2313 1681 2377 minuti
1721 2312 1992 2377 avaritia
2027 2316 2151 2397 est,
2193 2312 2298 2378 his

251 2403 397 2467 auri
441 2402 819 2489 argentique
865 2404 929 2466 et
969 2401 1256 2485 urbium,
1302 2401 1475 2486 quod
1521 2401 1620 2465 illi
1664 2402 1832 2467 inter
1876 2402 2054 2486 ipsos
2099 2403 2298 2490 magi-

251 2495 540 2556 stratuus
568 2494 802 2577 gerunt
829 2494 893 2555 et
918 2494 1317 2575 praetextam
1354 2491 1687 2574 fascesque
1724 2512 1799 2557 ac
1833 2490 2121 2556 tribunal
2156 2492 2298 2556 imi-

249 2584 503 2664 tantur,
554 2580 626 2645 hi
680 2580 900 2645 eadem
953 2581 1022 2644 in
1081 2601 1311 2664 campo
1370 2580 1642 2662 foroque
1684 2584 1747 2644 et
1792 2580 1862 2644 in
1907 2581 2086 2645 curia
2130 2581 2296 2646 serio

435 2809 468 2862 1
521 2809 583 2863 in
633 2810 937 2878 conspectu
987 2824 1279 2864 servorum
1312 2808 1601 2863 Klammer
1646 2806 1654 2879 1
1719 2807 1749 2863 7
1799 2807 1952 2881 cepit
1993 2809 2048 2864 A
2092 2810 2109 2893 J
2166 2826 2296 2864 con-

249 2880 665 2949 temptissimus
701 2882 760 2935 et
794 2879 883 2935 vel
919 2878 1230 2933 ludibrium
1259 2880 1347 2933 est
1376 2879 1452 2934 H.
1472 2879 1527 2933 J.
1552 2881 1648 2934 Μ
1684 2881 1764 2933 lor
1798 2881 2295 2949 contemphssimis

253 2954 414 3035 (corr.
442 2952 569 3018 tort.
598 2968 669 3005 m.
697 2954 735 3005 2
768 2952 833 3006 in
868 2953 1039 3020 -mus)
1076 2953 1135 3005 et
1168 2947 1545 3004 utludibrium
1582 2952 1669 3005 est
1697 2949 1752 3004 A
1798 2955 1969 3018 <e>
2008 2954 2295 3021 contemp·

252 3021 492 3080 tissimis
538 3023 598 3076 et
640 3023 707 3075 ut
749 3020 1059 3077 ludibrium
1095 3023 1183 3076 est
1220 3022 1295 3075 E.
1321 3022 1556 3085 stamas
1612 3022 2125 3107 contemptissimus
2170 3022 2295 3093 ipse

253 3095 318 3149 et
349 3092 661 3147 ludibrium
707 3094 794 3147 est
833 3093 1070 3163 Madviy
1123 3091 1640 3160 contemptissimus
1684 3094 1797 3159 est,
1834 3092 1920 3147 ita
1956 3095 2015 3149 et
2049 3094 2111 3147 in
2145 3092 2295 3149 ludi-

251 3163 442 3219 brium
480 3163 581 3217 sol.
620 3162 756 3233 ling.
795 3166 881 3218 est
916 3164 1190 3233 quondam
1230 3162 1422 3230 Gertz,
1458 3179 1609 3218 nunc
1636 3164 1786 3218 Rech
1827 3163 1849 3237 Η
1891 3163 1961 3220 11
1998 3164 2295 3219 effundant

252 3236 394 3300 volu.
434 3233 735 3289 effundunt
770 3234 825 3289 A
873 3235 894 3307 ΙΙ
941 3234 1012 3289 12
1049 3234 1270 3289 hisdem
1309 3235 1363 3289 A
1404 3205 1433 3306 ῙΙ
1481 3234 1552 3288 14
1587 3232 1837 3288 ioculare
1873 3250 1929 3288 c-
1964 3235 2294 3307 v019.iocu-

252 3304 458 3379 laris-c
496 3305 552 3361 A
595 3321 734 3360 cras.
769 3305 880 3360 vid.
920 3322 1115 3361 ecum
1165 3322 1195 3359 c
1240 3306 1320 3376 21⁸9
1321 3312 1418 3359 ata
1479 3305 1500 3377 ΙΙ
1557 3304 1626 3359 17
1665 3304 1933 3374 canisque
1985 3308 2226 3391 Ptenm'y
2274 3306 2296 3379 ΙΙ

255 3376 328 3431 18
353 3376 590 3448 puerilis
625 3376 752 3430 aad.
784 3376 948 3431 Gertz
982 3376 1003 3448 ΙΙ
1036 3374 1110 3431 24
1137 3322 1331 3431 avaria
1358 3375 1444 3431 A¹
1469 3392 1605 3432 corr.
1634 3394 1703 3431 m.
1733 3379 1771 3432 2
1804 3374 1825 3448 ΙΙ
1858 3376 1931 3430 25
1959 3377 2293 3448 argentique

255 3451 315 3504 et
347 3449 626 3528 unionum
655 3447 901 3503 Karsten
943 3448 950 3521 Ι
989 3448 1397 3518 magistratuus
1426 3449 1481 3503 A
1516 3448 1537 3521 ΙΙ
1570 3446 1642 3503 26
1676 3449 1994 3515 pretextam
2021 3451 2079 3504 A

1794 3555 1865 3609 3·
