2544 3746
405 76 525 148 AD'
544 92 925 149 POLYBIVM
960 92 1060 149 DE
1099 92 1655 152 consoLAmoNE
1693 92 1963 149 cmm.
1996 98 2060 148 11
2144 94 2276 161 325

239 239 446 324 davit3
503 260 652 305 cum
705 237 916 305 visum
963 241 1062 305 est
1106 237 1363 323 deinde,
1418 241 1655 324 repetit
1695 260 1816 305 nec
1860 241 2041 304 tuam
2086 237 2157 304 in
2202 260 2278 305 eo

175 328 180 334 ’
241 329 602 396 satietatem
655 331 877 395 secuta
929 331 1029 394 est
1083 328 1194 394 sed
1248 350 1433 394 suam
1476 329 1704 415 legem.
1797 328 1853 394 si
1899 329 2053 413 quis*
2091 350 2279 415 pecu·
2316 348 2350 398 5

150 1064 202 1104 10

147 1508 199 1550 15

143 1955 201 1995 20

142 2401 200 2442 25

238 420 418 485 niam
464 417 772 484 creditam
817 418 1088 485 solvisse
1133 438 1202 483 se
1248 419 1518 485 moleste
1562 418 1757 503 ferat,
1812 440 1953 505 eam
1998 439 2280 503 praeser-

238 509 389 593 tim,
442 508 628 574 cuius
680 529 871 574 usum
927 508 1285 595 gratuitum
1338 508 1682 594 acceperit,
1734 529 1949 573 nonne
2002 507 2279 573 iniustus

240 598 343 663 vir
385 596 742 663 habeatur?
831 596 1007 662 dedit
1049 599 1284 662 natura
1326 597 1513 662 fratri
1556 600 1670 663 tuo
1718 597 1951 680 vitam,
1996 595 2173 662 dedit
2217 600 2283 663 et

237 686 387 752 tibi:
433 708 596 773 quae
642 707 760 752 suo
805 686 946 752 iure
989 708 1108 752 usa
1153 685 1209 751 si
1253 709 1293 752 a
1338 707 1468 769 quo
1513 684 1723 752 voluit
1768 685 2053 751 debitum
2090 707 2281 751 suum

239 776 432 842 citius
493 776 732 863 exegit,
771 796 925 841 ‘non
983 776 1098 841 illa
1142 776 1213 840 in
1270 776 1463 860 culpa
1520 777 1646 859 est,
1704 775 1887 840 cuius
1942 778 2101 841 nota
2146 779 2282 841 erat

239 864 566 949 condicio,
611 864 726 931 sed
770 865 1062 931 mortalis
1111 865 1312 930 animi
1348 885 1494 949 spes
1532 863 1745 949 avida,
1794 886 1957 949 quae
1995 864 2284 949 subinde,

242 955 401 1039 quid
444 976 661 1020 rerum
705 957 938 1020 natura
983 955 1096 1038 sit,
1143 954 1551 1021 obliviscitur
1585 975 1705 1020 nec
1740 975 2051 1040 umquam
2088 954 2281 1019 sortis

241 1066 394 1109 suae
440 1043 764 1128 meminit,
807 1042 934 1108 nisi
980 1064 1130 1110 cum
1175 1043 1571 1109 admonetur.
1666 1042 1872 1130 gaude
1916 1044 2135 1128 itaque
2170 1041 2281 1109 ha-
2316 1063 2349 1113 6

237 1134 457 1199 buisse
494 1136 559 1198 te
594 1135 730 1199 tam
766 1133 1011 1198 bonum
1047 1132 1313 1198 fratrem
1350 1136 1416 1199 et
1451 1154 1640 1198 usum
1678 1133 2089 1217 fructumque
2125 1131 2281 1217 eius,

241 1222 536 1307 quamvis
582 1222 838 1289 brevior
881 1226 1036 1287 voto
1081 1225 1197 1287 tuo
1235 1221 1460 1306 fuerit,
1501 1221 1658 1287 boni
1695 1222 1971 1287 consule.
2066 1222 2283 1308 cogita

239 1312 774 1377 iucundissimum
839 1333 1005 1395 esse,
1065 1311 1239 1395 quod
1294 1310 1606 1396 habuisti,
1664 1310 2047 1395 humanum,
2108 1310 2281 1395 quod

239 1400 604 1485 perdidisti:
649 1421 770 1467 nec
815 1402 988 1465 enim
1035 1400 1384 1485 quicquam
1431 1400 1644 1465 minus
1690 1401 1860 1464 inter
1904 1422 1971 1466 se
2017 1421 2283 1466 consen-

238 1494 502 1555 taneum
576 1494 676 1555 est
747 1511 942 1573 quam
1007 1490 1290 1573 aliquem
1352 1490 1625 1573 moveri,
1706 1488 1881 1573 quod
1946 1489 2070 1554 sibi
2132 1488 2280 1554 talis

117 1636 124 1642 .
237 1578 438 1644 frater
480 1600 709 1663 parum
759 1580 869 1642 diu
917 1579 1289 1665 contigerit,
1333 1601 1467 1643 non
1503 1576 1809 1665 gaudere,
1854 1578 2029 1662 quod
2065 1582 2284 1643 tamen

239 1668 600 1753 contigerit.

419 1755 530 1821 XI.
607 1754 730 1821 ‘At
791 1756 1160 1841 inopinanti
1223 1759 1480 1841 ereptus
1546 1756 1683 1821 est.'
1774 1777 1891 1821 sua
1962 1776 2282 1841 quemque
2320 1775 2349 1824 1

243 1845 588 1913 credulitas
653 1846 896 1930 decipit
959 1849 1024 1911 et
1085 1846 1156 1912 in
1210 1846 1303 1911 eis
1314 1896 1333 1930 ,
1396 1868 1559 1930 quae
1615 1845 1857 1932 diligit,
1918 1844 2285 1912 voluntaria

241 1936 657 2001 mortalitatis
718 1936 988 2002 oblivio:
1047 1940 1282 2001 natura
1334 1936 1499 2000 nulli
1556 1957 1623 2000 se
1676 1935 2075 2001 necessitatis
2132 1957 2283 2000 suae

242 2025 544 2110 gratiam,
601 2025 917 2091 facturam
1001 2047 1138 2091 esse
1211 2028 1447 2092 testata
1518 2027 1633 2090 est.
1725 2025 1960 2091 cotidie
2032 2027 2286 2110 praeter

243 2115 467 2180 oculos
502 2118 762 2182 nostros
799 2117 1137 2197 transeunt
1170 2117 1476 2180 notorum
1512 2114 2013 2200 ignotorumque
2039 2113 2284 2199 funera,

241 2201 363 2269 nos
419 2208 638 2270 tamen
691 2203 868 2270 aliud
923 2204 1175 2290 agimus
1221 2208 1288 2270 et
1334 2204 1620 2270 subitum
1664 2205 1732 2268 id
1776 2208 2081 2289 putamus
2128 2224 2283 2287 esse,

244 2292 420 2378 quod
475 2293 667 2359 nobis
725 2297 869 2359 tota
924 2295 1061 2359 vita
1120 2292 1535 2359 denuntiatur
1592 2295 1899 2360 futurum.
1988 2315 2123 2359 non
2186 2296 2285 2359 est

240 2383 462 2467 itaque
506 2383 634 2448 ista
669 2383 952 2448 fatorum
988 2382 1324 2466 iniquitaS,
1372 2382 1483 2450 sed
1518 2383 1752 2448 mentis
1789 2383 2107 2448 humanae
2142 2404 2285 2466 pra-

239 2471 410 2537 vitas
455 2471 840 2537 insatiabilis
885 2493 1101 2536 rerum
1150 2472 1438 2537 omnium
1449 2522 1467 2555 ‚
1518 2494 1680 2557 quae
1727 2469 2103 2558 indignatur
2136 2470 2285 2536 inde

240 2559 562 2645 excidere,
618 2582 747 2644 quo
804 2560 1085 2627 admissa
1131 2565 1228 2626 est
1272 2561 1579 2646 precario.
1675 2560 1837 2646 [30]
1889 2563 2129 2646 quanto
2174 2560 2285 2626 ille
2320 2579 2353 2627 2

421 2700 454 2754 1
504 2700 712 2756 deinde
761 2700 971 2770 repetit
1009 2702 1066 2756 B
1117 2701 1207 2757 de·
1191 2719 1313 2758 iure
1356 2717 1455 2771 rep
1459 2701 1567 2757 etit
1602 2701 1649 2758 Ο
1694 2700 1715 2774 ΙΙ
1767 2701 1803 2755 5
1846 2700 2129 2756 habeatur
2162 2700 2286 2756 BG

139 2783 162 2798 ·
241 2771 458 2827 habeat
484 2771 553 2827 H
581 2771 827 2827 habetur
850 2773 976 2827 DE
1007 2771 1028 2844 ΙΙ
1063 2771 1100 2826 6
1135 2787 1283 2841 quae
1320 2789 1419 2826 suo
1455 2774 1579 2829 iure
1610 2789 1714 2826 usa
1746 2772 1794 2826 ei
1822 2774 2141 2842 Petscheniy
2177 2787 2286 2841 que

245 2858 347 2897 suo
383 2843 504 2897 uite
541 2844 700 2926 (corr.
729 2845 793 2897 in
827 2843 971 2912 iure)
1007 2859 1112 2904 usa
1145 2844 1278 2898 sunt
1313 2845 1468 2911 (sunt
1494 2846 1724 2912 punctis
1748 2845 2017 2912 notatum)
2044 2845 2101 2897 B
2139 2859 2286 2910 quae

245 2929 348 2970 suo
384 2915 506 2967 iure
542 2913 670 2972 uisa
708 2915 840 2967 sunt
868 2915 938 2968 H
942 2914 996 2970 G
1033 2915 1147 2982 (sed
1181 2916 1246 2969 in
1286 2914 1339 2968 G·
1372 2931 1509 2970 corr.
1548 2931 1653 2968 usa
1690 2917 1796 2984 est)
1842 2930 1990 2982 quae
2028 2930 2127 2968 suo
2164 2914 2286 2968 iure

242 3000 351 3039 usa
387 2987 514 3054 (usu
543 2985 630 3054 E)
667 2983 779 3039 fuit
804 2984 931 3040 DE
961 3002 1062 3040 suo
1101 3001 1236 3054 ergo
1272 2985 1395 3040 iure
1430 3002 1535 3040 usa
1572 2988 1660 3040 est
1688 2987 1742 3040 V
1770 3001 1916 3054 quae
1954 3003 1994 3040 s.
2024 2985 2146 3039 iure
2182 3000 2287 3039 usa

244 3059 358 3124 est,
415 3056 737 3127 Wesenberg
788 3073 912 3112 cum
965 3073 1076 3111 ωηο
1137 3057 1363 3112 Gruteri
1420 3073 1521 3111 suo
1576 3057 1698 3111 iure
1752 3072 1856 3111 usa
1904 3098 1915 3111 .
1963 3100 1974 3111 .
2018 3101 2031 3112 .
2082 3057 2283 3126 exegit.

241 3127 526 3184 Rossbach
561 3129 685 3200 (om.
724 3131 892 3196 quae)
929 3143 1078 3196 quae
1113 3145 1154 3183 s.
1185 3128 1223 3182 i.
1251 3144 1358 3182 usa
1384 3143 1575 3183 nunc.
1654 3145 1860 3197 ,exegi
1843 3129 1927 3182 t.
1971 3129 2243 3184 Schultess
2267 3127 2288 3200 Η

244 3199 276 3254 7
317 3214 418 3254 exe
461 3199 530 3266 t,
568 3215 683 3253 non
721 3199 888 3254 Gertz
923 3200 1126 3270 exegit.
1181 3197 1313 3254 Non
1350 3201 1482 3271 voly.
1521 3199 1542 3270 ΙΙ
1576 3199 1645 3253 11
1674 3199 2031 3268 fructumque
2061 3201 2109 3255 G
2139 3198 2285 3252 fruc-

239 3217 530 3324 153gl
458 3269 510 3325 V
528 3269 550 3342 ΙΙ
575 3269 648 3324 18
665 3286 947 3338 quemque
966 3271 1094 3325 ΗΒ
1120 3289 1189 3325 m
1209 3275 1248 3326 2
1276 3286 1496 3339 queque
1514 3271 1648 3325 DE
1675 3271 2013 3339 quandoque
2034 3271 2089 3324 B
2116 3288 2184 3324 m.
2209 3275 2240 3323 1
2266 3269 2288 3339 Η

241 3339 330 3423 26.
359 3340 494 3395 inde
541 3340 824 3409 excidere,
876 3357 987 3409 quo
1043 3341 1204 3397 Gertz
1257 3342 1392 3396 inde
1440 3343 1682 3397 eximere
1728 3359 1838 3411 quo
1874 3341 2126 3396 DEGV
2153 3339 2285 3392 inde

242 3409 488 3468 eximere
534 3413 687 3480 quod
723 3414 780 3468 B
830 3411 965 3468 inde
1010 3429 1068 3468 se
1115 3414 1285 3468 eximi
1327 3430 1438 3482 quo
1476 3415 1546 3497 ῌ
1587 3413 1721 3468 inde
1759 3412 1909 3468 exire
1946 3427 2058 3481 quo
2095 3411 2286 3464 Haase

243 3482 379 3539 inde
417 3483 588 3538 eximi
625 3501 737 3554 quo
765 3485 1080 3540 Feldmann
1114 3485 1247 3540 inde
1286 3485 1457 3548 eximi
1493 3485 1555 3539 in
1591 3485 1742 3553 quod
1772 3483 1976 3540 Mueck
