2544 3746
255 64 388 130 214
641 61 700 116 L.
731 60 1015 115 ANNAEI
1051 58 1379 114 SENECAE
1417 59 1605 113 DIAL.
1636 58 1769 113 LIB.
1798 57 1917 113 vn.

256 206 471 273 deesse
524 209 738 291 potest
799 210 977 269 extra
1024 204 1405 271 desiderium
1455 206 1743 269 omnium
1788 204 2045 289 posito?
2134 206 2294 290 quid

256 296 647 362 extrinsecus
695 316 856 379 opus
903 298 1002 360 est
1047 294 1133 378 ei,
1179 295 1293 379 qui
1339 294 1556 359 omnia
1602 316 1717 358 sua
1762 294 1831 358 in
1874 314 1943 359 se
1990 294 2296 380 collegit?

257 385 366 452 sed
420 386 506 470 ei,
562 384 676 469 qui
721 384 800 449 ad
847 384 1150 450 virtutem
1198 384 1429 467 tendit,
1486 384 1677 448 etiam
1724 384 1779 448 si
1825 383 2101 449 multum
2146 406 2294 469 pro-

256 474 474 559 cessit,
520 494 681 558 opus
727 476 826 539 est
862 474 1079 557 aliqua
1114 474 1409 539 fortunae
1447 472 1847 559 indulgentia
1882 472 2091 538 adhuc
2125 474 2294 539 inter

255 565 536 629 humana
593 562 894 645 luctanti,
951 562 1104 627 dum
1163 562 1406 627 nodum
1466 563 1649 626 illum
1706 562 1947 627 exolvit
1992 566 2057 626 et
2102 583 2293 627 omne

254 653 583 718 vinculum
629 652 912 716 mortale.
989 652 1144 735 quid
1191 673 1344 737 ergo
1392 651 1698 716 interest?
1772 651 1945 735 quod
1982 655 2116 716 arte
2152 652 2292 717 alli-

256 742 391 828 gati
438 744 588 806 sunt
633 741 772 824 alii,
819 741 1110 806 adstricti
1156 740 1295 824 alii,
1340 740 1616 805 districti
1662 760 1945 824 quoque:
1999 740 2132 822 hic,
2178 742 2293 825 qui

257 831 337 895 ad
384 831 713 915 superiora
755 851 1132 915 progressus
1178 834 1279 895 est
1323 834 1387 895 et
1434 852 1500 894 se
1548 830 1739 894 altius
1778 830 2033 913 extulit,
2078 830 2295 895 laxam

257 924 545 986 catenam
603 919 803 983 trahit
858 920 1148 983 nondum
1201 918 1390 1002 liber,
1450 920 1580 983 iam
1634 921 1851 983 tamen
1906 941 2024 1002 pro
2069 920 2295 985 libero.

433 1023 638 1090 XVII.
713 1022 783 1090 Si
839 1025 983 1110 quis
1041 1025 1258 1110 itaque
1306 1047 1384 1089 ex
1432 1025 1601 1108 istis,
1656 1026 1768 1109 qui
1813 1024 2297 1109 philosophiam

257 1115 642 1198 conlatrant‚
691 1115 864 1198 quod
910 1114 1120 1180 solent
1166 1114 1425 1179 dixerit:
1472 1114 1699 1199 ‘quare
1744 1136 1897 1200 ergo
1943 1118 2019 1179 tu
2063 1115 2297 1181 fortius

255 1204 538 1287 loqueris
599 1225 793 1288 quam
848 1203 1057 1267 vivis?
1147 1226 1342 1287 quare
1399 1207 1463 1267 et
1522 1203 1835 1287 superiori
1890 1204 2084 1269 verba
2128 1225 2299 1269 sum-

257 1292 462 1359 mittis
544 1296 610 1357 et
689 1293 1027 1377 pecuniam
1100 1293 1528 1358 necessarium
1600 1292 1722 1357 tibi
1801 1293 2298 1358 instrumentum

259 1382 586 1448 existimas
646 1385 710 1446 et
768 1382 1001 1447 damno
1066 1382 1342 1449 moveris
1398 1386 1462 1447 et
1515 1381 1812 1448 lacrimas
1873 1382 2091 1446 audita
2148 1404 2299 1448 con·

258 1470 426 1557 iugis
487 1474 600 1536 aut
658 1469 848 1536 amici
908 1474 1114 1537 morte
1170 1470 1453 1536 demittis
1511 1474 1575 1535 et
1628 1471 1893 1555 respicis
1949 1471 2186 1535 famam
2233 1474 2302 1535 et

258 1559 560 1645 malignis
619 1560 1019 1626 sermonibus
1073 1558 1401 1647 tangeris?
1492 1582 1689 1643 quare
1744 1559 1979 1626 cultius
2022 1582 2131 1625 rus
2176 1560 2301 1625 tibi

259 1652 358 1713 est
409 1670 602 1733 quam
647 1649 960 1714 naturalis
1006 1670 1160 1714 usus
1208 1648 1567 1714 desiderat?
1658 1670 1772 1715 cur
1816 1671 1950 1714 non
1995 1650 2075 1714 ad
2120 1672 2302 1733 prae-

261 1738 574 1823 scriptum
628 1742 816 1803 tuum
863 1737 1095 1804 cenas?
1185 1760 1301 1805 cur
1345 1738 1464 1804 tibi
1509 1737 1777 1804 nitidior
1821 1738 2113 1823 supellex
2158 1738 2303 1803 est?

260 1847 375 1893 cur
432 1830 592 1912 aput
651 1831 716 1894 te
769 1826 992 1894 vinum
1039 1831 1245 1895 aetate
1291 1830 1405 1894 tua
1447 1828 1763 1894 vetustius
1809 1826 2095 1895 bibitur?
2183 1849 2304 1894 cur

259 1915 308 2000 †
343 1938 614 1982 auruum
668 1917 1073 2002 disponitur?
1165 1938 1280 1982 cur
1335 1918 1590 1982 arbores
1644 1918 1812 1982 nihil
1862 1921 2115 2003 praeter
2159 1939 2303 1982 um-

259 2005 439 2071 bram
495 2005 756 2072 dattuae
811 2006 1275 2072 conseruntur?
1353 2028 1547 2090 quare
1590 2027 1757 2072 uxor
1798 2009 1913 2072 tua
1955 2005 2303 2091 locupletis

263 2093 490 2160 domus
565 2116 824 2160 censum
900 2096 1158 2160 auribus
1234 2095 1444 2181 gerit?
1562 2116 1757 2179 quare
1828 2096 2304 2181 paedagogium

261 2183 542 2268 pretiosa
615 2187 790 2249 veste
864 2183 1304 2272 succingitur?
1412 2204 1609 2268 quare
1676 2186 1779 2250 ars
1854 2189 1953 2251 est
2014 2188 2173 2270 aput
2233 2189 2304 2250 te

264 2273 626 2338 ministrare
669 2294 789 2338 nec
833 2276 1072 2338 temere
1118 2278 1185 2339 et
1227 2277 1305 2338 ut
1346 2273 1507 2339 libet
1552 2275 1925 2340 conlocatur
1961 2277 2303 2360 argentum

263 2361 372 2426 sed
445 2362 648 2446 perite
721 2362 991 2428 struitur
1061 2366 1123 2427 et
1187 2366 1286 2428 est
1347 2362 1581 2446 aliquis
1652 2362 1983 2428 scindendi
2045 2363 2305 2428 obsonii

264 2449 644 2537 magister?'
742 2450 945 2535 adice,
1007 2453 1062 2516 si
1117 2452 1243 2516 vis:
1306 2450 1452 2517 ‘cur
1505 2455 1684 2516 trans
1739 2474 1911 2517 mare
1966 2451 2305 2536 possides?

265 2560 378 2604 cur
421 2540 612 2624 plura
657 2561 849 2623 quam
894 2538 1110 2606 nosti?
1179 2561 1292 2606 cur
1324 2539 1601 2625 turpiter
1636 2544 1749 2605 aut
1781 2543 1917 2606 tam
1952 2542 2303 2627 neglegens

442 2711 479 2766 6
515 2713 637 2767 arte
677 2712 840 2768 Gertz
885 2727 1011 2766 ame
1047 2712 1101 2765 A
1149 2711 1170 2784 ΙΙ
1222 2713 1252 2767 7
1301 2712 1404 2767 alii
1440 2715 1492 2766 A
1544 2713 1795 2784 (alteram
1829 2713 1852 2767 i
1887 2714 1951 2768 in
1984 2715 2104 2782 ipso
2139 2730 2305 2768 versu

265 2783 394 2837 add.
433 2781 534 2852 A⁵)
582 2785 704 2837 arte
749 2782 843 2836 all.
883 2785 1014 2837 sunt
1049 2782 1174 2851 alii,
1215 2783 1387 2839 adstr.
1436 2783 1561 2851 alii,
1602 2782 1759 2838 distr.
1798 2800 1889 2854 qu.
1928 2784 2308 2840 Reitzenstein

267 2854 388 2907 arte
427 2851 519 2906 all.
550 2856 681 2908 sunt
717 2852 842 2919 alii,
882 2853 1165 2921 adstricti,
1208 2853 1356 2925 [alii]
1396 2854 1553 2909 distr.
1585 2871 1636 2922 q.
1672 2853 1833 2909 Gertz
1880 2853 1981 2908 alii
2018 2852 2109 2908 all.
2150 2856 2305 2921 sunt,

265 2922 368 2978 alii
397 2923 590 2991 adstr.‚
618 2923 719 2978 alii
747 2924 905 2978 distr.
935 2941 986 2991 q.
1016 2926 1153 2995 0019.
1180 2924 1186 2994 Ι
1221 2923 1468 2979 districti
1491 2925 1631 2995 ⁰⁰²9·
1661 2923 1918 2979 destricti
1937 2927 1989 2978 A
2015 2925 2037 3007 {j
2061 2923 2133 2979 12
2157 2925 2306 2979 vivis

148 3016 157 3027 ·
265 2995 402 3063 0019.
438 2995 601 3048 uiues
628 2996 684 3047 A
725 2995 748 3066 ΙΙ
790 2994 861 3050 18
897 2994 1134 3064 supplex
1180 2994 1434 3064 supellex
1469 2994 1551 3048 A¹
1584 2994 1680 3050 sed
1716 2994 1955 3064 supplex
1990 2995 2087 3050 lm.
2116 3001 2308 3051 trans-

264 3080 422 3119 versa
457 3065 650 3119 delevit
683 3066 810 3132 fort.
850 3063 932 3118 Α*
974 3065 994 3136 Η
1043 3064 1115 3120 20
1161 3079 1401 3120 auruum
1436 3066 1526 3135 (ur
1551 3081 1657 3135 per
1691 3065 1968 3136 compend.
1996 3082 2099 3121 scr.
2126 3081 2309 3136 supra

268 3148 304 3187 a
355 3135 571 3205 legitwr)
615 3135 669 3187 A
718 3142 980 3204 corrupte.
1051 3136 1356 3192 emendatio
1398 3137 1611 3192 ineerta
1653 3143 1757 3192 est.-
1807 3137 2017 3191 atrium
2062 3137 2309 3208 Madviq

267 3204 596 3259 viridarium
631 3207 714 3261 vel
748 3205 1084 3262 veterarium
1117 3207 1283 3264 Gertz
1314 3224 1511 3262 aurum
1540 3207 1821 3264 Rossbach
1845 3207 2144 3264 violarium
2168 3209 2311 3264 olim

269 3276 565 3344 Schultess,
591 3294 742 3334 num
767 3277 1047 3336 lauretum
1082 3278 1103 3351 ΙΙ
1136 3277 1206 3335 21
1237 3281 1603 3336 conseruntur
1627 3281 1764 3352 volq.
1793 3281 1925 3338 inde
1951 3281 2021 3337 ab
2048 3279 2311 3338 Era-vm.⁸

270 3351 671 3404 conseruantur
710 3350 763 3403 A
816 3351 838 3423 ss
887 3350 961 3406 25
1010 3353 1246 3408 struitur
1291 3353 1523 3423 Lipsius
1572 3369 1661 3408 ser
1708 3352 1866 3408 uitur
1904 3355 1959 3407 A
2006 3352 2027 3426 ΙΙ
2078 3352 2149 3409 27
2203 3369 2309 3408 cur

270 3418 466 3474 addidi
498 3421 658 3476 tertio
694 3420 807 3476 loeo

2336 1045 2394 1085 10

2340 1490 2395 1531 15
