2544 3746
268 88 399 155 302
674 86 734 141 L'.
763 84 1048 140 ANNAEI
1083 83 1414 141 SENECAE
1451 84 1641 140 DIAL.
1671 80 1806 138 Lm.
1834 80 1904 137 X.

267 231 552 297 amicitia
595 232 916 316 capitalis,
960 232 1203 296 nullius
1251 234 1629 314 sumptuosa
1673 227 2353 383 οδεοτναὺὶἒδέωᾝλ

268 342 349 386 ex
391 319 550 405 illis,
597 320 910 405 quidquid
945 321 1152 405 voles3
1196 341 1313 404 per
1348 320 1497 384 illos
1533 339 1667 383 non
1704 318 1924 402 stabit,

196 426 228 476 2
267 410 619 495 plurimum
656 413 995 495 quantum,
1039 429 1180 475 oum
1221 407 1534 493 coeperis,
1568 406 1845 473 haurias.
1921 427 2084 492 quae
2118 406 2307 471 illum

267 499 568 583 felicitas,
605 520 800 582 quam
836 498 1108 583 pulchra
1144 502 1437 564 senectus
1470 499 1711 580 manet,
1742 497 1855 579 qui
1882 518 1951 563 se
1978 496 2047 560 in
2071 495 2307 561 horum

267 588 630 654 clientelam
685 588 986 654 contulit!
1076 587 1368 671 habebit,
1422 607 1570 651 cum
1620 586 1854 669 quibus
1900 586 1979 651 de
2022 583 2308 651 minimis

267 678 692 762 maximisque
725 677 916 743 rebus
954 675 1287 761 deliberet,
1326 697 1487 761 quos
1525 675 1603 740 de
1634 697 1703 741 se
1732 674 1967 740 cotidie
1994 674 2308 757 consulat,

268 788 307 831 a
351 766 584 851 quibus
632 766 856 834 audiat·
894 787 1117 831 verum
1163 766 1301 832 sine
1346 764 1765 849 contumelia,
1816 764 2114 829 laudetur
2168 764 2309 829 sine

197 871 230 921 3
266 855 663 939 adulatione,
706 855 788 920 ad
834 876 1108 939 quorum
1146 875 1216 919 se
1252 853 1741 920 similitudinem
1779 852 2063 939 effingat.
2144 852 2310 919 sole·

266 966 410 1009 mus
455 943 665 1010 dicere
704 966 840 1016 non
874 944 1072 1014 fuisse
1109 945 1178 1009 in
1211 947 1435 1011 nostra
1470 946 1815 1027 potestate,
1853 963 2015 1026 quos
2052 942 2309 1009 sortire·

266 1055 413 1100 mur
470 1036 810 1118 parentes,
853 1033 1021 1099 forte
1078 1033 1448 1099 hominibus
1508 1031 1721 1097 datos}
1792 1030 1979 1097 nobis
2024 1053 2176 1095 vero
2226 1030 2311 1097 ad

265 1125 559 1188 nostrum
604 1122 941 1187 arbitrium
986 1122 1165 1188 nasci
1206 1123 1378 1187 licet.
1468 1120 2019 1186 nobilissimorum
2061 1119 2311 1206 ingeni·

267 1233 454 1277 orum
499 1211 783 1277 familiae
827 1214 1003 1277 sunt:
1062 1211 1228 1297 elige
1275 1212 1346 1275 in
1390 1232 1584 1299 quam
1628 1210 1899 1276 adscisci
1943 1209 2129 1295 velis3
2172 1231 2318 1275 nons

267 1300 338 1365 in
380 1322 617 1366 nomen
658 1304 913 1366 tantum
958 1300 1392 1386 adoptaberis,
1448 1300 1559 1366 sed
1602 1300 1672 1364 in
1715 1301 1858 1384 ipsa
1900 1300 2099 1383 bona,
2144 1320 2310 1383 quae

265 1411 402 1455 non
462 1393 651 1455 erunt
713 1390 967 1457 sordide
1028 1412 1148 1456 nec
1211 1390 1492 1475 maligne
1556 1388 1997 1455 custodienda:
2062 1389 2311 1453 maiora

197 1495 232 1544 4
267 1479 449 1562 fient,
512 1500 638 1563 quo
699 1480 814 1554 illa
871 1478 1166 1567 pluribus
1225 1478 1536 1545 diviseris.
1625 1478 1697 1543 hi
1750 1478 1874 1543 tibi
1929 1478 2171 1543 dabunt
2227 1476 2312 1543 ad

269 1567 709 1634 aeternitatem
768 1567 892 1637 iter
946 1572 1011 1634 et
1055 1573 1120 1633 te
1163 1568 1234 1632 in
1277 1568 1464 1633 illum
1508 1568 1753 1652 locum,
1812 1589 1892 1632 ex
1938 1588 2067 1652 quo
2112 1588 2308 1632 nemo

268 1656 563 1741 deicitur,
611 1656 1050 1732 sublevabunt.
1136 1656 1299 1723 haec
1342 1668 1473 1723 'una
1516 1657 1681 1733 ratio
1728 1660 1827 1722 est
1872 1654 2311 1722 extendendae

267 1746 706 1829 mortalitatis,
764 1746 964 1811 immo
1023 1746 1096 1814 in
1148 1745 1701 1811 immortalitatem
1745 1745 2100 1811 vertendae.
2191 1745 2311 1810 ho—

266 1855 454 1901 nores
464 1883 485 1920 ,
528 1836 948 1920 monimenta,
995 1835 1310 1921 quidquid
1356 1839 1469 1903 aut
1504 1835 1774 1902 decretis
1812 1834 2079 1901 ambitio
2117 1834 2312 1901 iussit

267 1928 380 1989 aut
425 1926 722 2009 operibus
770 1925 1078 2008 extruxit,
1134 1926 1264 1990 cito
1314 1925 1672 2010 subruitur,
1718 1923 1888 1990 nihil
1930 1945 2063 1989 non
2105 1923 2310 2010 longa

267 2014 612 2079 demolitur
664 2017 948 2079 vetustas
1003 2017 1068 2079 et
1120 2017 1366 2098 movet3
1425 2019 1493 2079 at
1536 2015 1615 2079 iis
1698 2035 1863 2099 quae
1908 2014 2313 2079 consecravit

269 2103 603 2187 sapientia,
639 2124 868 2168 nocere
903 2125 1039 2172 non
1073 2106 1318 2188 potest⁵3
1352 2103 1534 2168 nulla
1570 2063 1853 2168 abolebit
1888 2107 2091 2186 aetas,
2124 2102 2312 2166 nulla

267 2191 618 2277 deminuet3
677 2212 947 2277 sequens
1008 2213 1084 2260 ac
1143 2191 1371 2258 deinde
1430 2204 1681 2276 semper
1737 2191 2005 2257 ulterior
2058 2191 2312 2275 aliquid

266 2280 348 2346 ad
405 2281 881 2346 venerationem
940 2281 1252 2364 conferet,
1310 2282 1615 2365 quoniam
1670 2280 1931 2366 quidem
1974 2280 2045 2345 in
2088 2280 2309 2346 vicino

266 2373 555 2435 versatur
633 2370 902 2463 invidia,
985 2370 1341 2456 simplicius
1423 2371 1619 2456 longe
1693 2370 1908 2455 posita
1978 2369 2309 2435 miramur.

196 2475 230 2526 5
267 2459 571 2543 sapientis
618 2481 771 2545 ergo
819 2455 1097 2524 multum
1143 2462 1324 2544 patet
1367 2459 1528 2543 vita,
1573 2481 1706 2524 non
1749 2459 1922 2524 idem
1967 2459 2154 2524 illum
2194 2459 2313 2544 qui

266 2551 516 2614 ceteros
555 2549 864 2614 terminus
913 2548 1142 2615 cludit:
1206 2548 1381 2615 solus
1439 2549 1690 2634 generis
1739 2547 2010 2614 humani-
2050 2549 2311 2636 legibus

265 2637 565 2723 solvitur,
628 2638 845 2706 omnia
901 2638 1001 2703 illi
1060 2639 1315 2706 saecula
1372 2642 1448 2702 ut
1501 2638 1619 2704 deo
1676 2637 1980 2706 serviunt.
2070 2641 2313 2704 transit

443 2812 475 2868 1
507 2813 818 2883 suspiciosa
848 2817 989 2870 coni.
1017 2815 1295 2871 Erasmus
1328 2814 1349 2887 ΙΙ
1383 2813 1421 2870 3
1446 2813 1753 2885 plurimum
1781 2815 2058 2884 quantum
2086 2815 2310 2887 ceperis

264 2885 322 2940 A
357 2901 495 2942 corr.
522 2885 730 2942 Vahlen
770 2888 1046 2955 quantum
1082 2885 1389 2956 plurimum
1428 2886 1671 2956 cupieris
1701 2887 1896 2941 eret
1935 2886 1942 2958 Ι
1984 2884 2089 2941 illu
2117 2886 2176 2942 A
2212 2887 2313 2942 sed

263 2959 304 3010 ῦ.
340 2973 408 3011 ex
441 2973 576 3012 corr.
623 2956 644 3029 ΙΙ
695 2957 726 3012 7
765 2973 800 3011 a
829 2975 1020 3028 praep.
1058 2959 1123 3012 im
1156 2959 1279 3028 ipso
1312 2975 1471 3013 versu
1507 2958 1637 3013 add.
1666 2957 1752 3013 A*
1798 2956 1819 3029 ΙΙ
1868 2956 1941 3013 10
1980 2955 2310 3012 hominibus

264 3026 753 3181 zm...2...¹;0¹fi³⁵111
780 3027 1211 3155 mam
1230 3028 1608 3156 ”aaa
1627 3027 2315 3173 lff¹35<2⁶iuss1²³b3²l¹²1³1

266 3168 337 3222 18
372 3169 738 3224 mortalitatis
775 3118 945 3225 imffiao
973 3170 1059 3225 A'
1093 3143 1605 3226 mortalitatissimo
1640 3169 1726 3226 A¹
1780 3170 1787 3242 Ι
1842 3116 1924 3225 ir?
1944 3170 2073 3226 add.
2112 3171 2255 3243 σοῖς.
2290 3180 2315 3235 u

264 3237 334 3292 21
354 3239 614 3294 mouetA
631 3241 853 3296 mordet
866 3243 943 3296 M
939 3243 1107 3313 adviy
1123 3241 1370 3298 dimovet
1381 3242 1702 3312 Wesenberg}
1721 3244 1944 3298 amovet
1957 3243 2024 3298 P.
2034 3243 2278 3298 stoma-s
2290 3242 2315 3314 ss

266 3307 337 3361 22
371 3323 573 3362 nocere
599 3309 656 3364 A
693 3312 828 3380 (scil.
856 3314 1130 3381 vetustas)
1164 3313 1357 3368 noceri
1392 3315 1529 3384 voly.
1542 3312 1588 3438 A}
1631 3311 1705 3368 24
1741 3311 1993 3369 conferet
2018 3324 2054 3367 ς
2090 3312 2315 3369 confert

269 3379 323 3430 A
357 3377 379 3448 Η
412 3377 482 3432 27
517 3378 739 3463 legibus
774 3383 910 3451 σοῖς.
949 3381 1158 3437 lesibus
1187 3385 1242 3437 A
1278 3383 1299 3456 Η
1332 3383 1405 3439 28
1440 3387 1509 3438 ut
1582 3399 1650 3439 eo
1685 3400 1755 3440 ex
1786 3383 1958 3440 uideo
1993 3399 2133 3442 corr.
2160 3385 2229 3440 in
2252 3385 2314 3440 A

268 3463 338 3501 m.
365 3455 628 3508 reem-,tuor
668 3452 675 3522 Ι
715 3453 922 3506 transit
951 3451 1033 3509 A²
1066 3453 1321 3509 transilit
1354 3455 1428 3510 al.
1456 3473 1528 3511 m.
1556 3471 1696 3513 corr.

2349 1052 2399 1092 10

2350 1497 2399 1538 15

2346 1944 2397 1984 20

2348 2389 2401 2430 85
