2544 3746
297 88 400 144 AD
429 86 769 143 HELVIAM
795 86 1116 141 MATREM
1142 84 1244 141 DE
1272 83 1833 144 CONSOLATIONE
1862 84 2017 143 GAP.
2040 91 2107 141 19
2190 88 2323 157 369

267 235 460 320 virgo
494 236 821 318 nupserat,
857 233 930 297 in
964 232 1108 318 ipsa
1145 231 1408 315 quidem
1441 231 1883 330 navigatione3
1919 232 2073 297 tulit
2106 236 2327 299 tamen

271 322 499 389 eodem
543 327 834 407 tempore
881 325 946 387 et
988 322 1240 387 luctum
1286 324 1351 386 et
1395 318 1640 387 metu'm
1685 322 2040 407 evictisque
2084 325 2325 407 tempe-

271 412 548 479 statibus
613 434 848 513 corpus
912 410 1060 476 eius
1112 410 1431 497 naufraga
1495 411 1721 477 evexit.
1815 433 1855 476 o
1921 432 2117 514 quam
2162 412 2325 476 mul-

269 507 485 567 tarum
539 502 802 588 egregia
854 521 1053 585 opera
1106 500 1178 565 in
1231 500 1506 566 obscuro
1562 500 1802 565 iacent!
1892 501 1949 566 si
2002 501 2157 566 huic
2210 501 2326 566 illa

206 610 232 652 ε
271 589 552 675 simplex
624 589 1016 674 admirandis
1087 589 1440 655 virtutibus
1505 589 1888 676 contigisset
1949 590 2324 673 antiquitas,

270 683 516 765 quanto
571 679 980 766 ingeniorum
1026 679 1375 744 certamine
1421 678 1851 744 celebraretur
1893 699 2084 763 uxor,
2141 700 2327 764 quae,

270 769 478 835 oblita
531 767 1005 851 inbecillitatis,
1059 768 1265 833 oblita
1319 768 1648 837 metuendi
1694 768 1889 833 etiam
1932 765 2327 835 firmissimis

257 858 496 942 maris,
550 861 746 941 caput
801 878 993 923 suum
1049 856 1355 941 periculis
1410 878 1531 941 pro
1579 856 1914 943 sepultura
1959 857 2198 923 obiecit
2241 860 2325 942 et,

271 948 428 1020 dum
482 947 729 1035 cogitat
774 945 853 1011 de
897 946 1023 1011 viri
1065 945 1319 1030 funere,
1373 946 1541 1015 nihil
1585 945 1664 1012 de
1709 967 1828 1012 suo
1874 946 2123 1012 timuitl
2212 964 2326 1013 no-

175 1056 234 1097 1⁰
269 1036 568 1103 bilitatur
639 1035 1035 1102 carminibus
1109 1036 1456 1120 omnium,‘
1504 1055 1670 1119 quae
1734 1057 1802 1101 se
1865 1057 1985 1120 pro
2050 1035 2326 1122 coniuge

269 1125 580 1193 vicariam
637 1124 839 1191 dedit:
893 1125 1020 1191 hoc
1075 1124 1355 1209 amplius
1412 1127 1537 1209 est,
1592 1124 1961 1193 discrimine
2015 1124 2187 1190 vitae
2233 1146 2327 1191 se·

270 1216 574 1301 pulcrum
617 1214 760 1279 viro
808 1235 1138 1299 quaerere3
1184 1213 1393 1279 maior
1436 1218 1536 1280 est
1581 1235 1789 1298 amor,
1835 1214 1951 1299 qui
1984 1214 2127 1299 pari
2161 1213 2327 1298 peri-

272 1304 423 1371 culo
487 1304 704 1370 minus
767 1302 1042 1369 redimit.
1134 1306 1289 1387 post
1348 1302 1475 1368 hoc
1537 1325 1731 1369 nemo
1786 1304 2085 1387 miratur,
2152 1302 2326 1387 quod

271 1415 392 1480 per
436 1392 713 1460 sedecim
759 1413 993 1477 annos,
1035 1392 1274 1477 quibus
1319 1390 1695 1479 Aegyptum
1730 1393 2003 1458 maritus
2038 1392 2176 1458 eius
2215 1412 2327 1477 op-

176 1502 234 1543 15
269 1483 498 1568 tinuit,
557 1502 915 1566 numquam
969 1481 1040 1547 ιιι
1097 1481 1362 1566 publico
1418 1484 1765 1567 conspecta
1819 1484 1942 1567 est,
2000 1481 2326 1547 neminem

270 1571 738 1658 provincialem
783 1572 1048 1637 domum
1095 1593 1280 1636 suam
1326 1570 1614 1656 admisit,
1658 1570 1827 1637 nihil
1872 1593 1911 1636 a
1954 1560 2097 1637 viro
2142 1574 2327 1655 petit,

269 1661 442 1727 nihil
494 1684 535 1726 a
588 1683 658 1727 se
702 1660 838 1745 peti
881 1682 1074 1745 passa
1119 1664 1232 1727 est.
1326 1660 1549 1745 itaque
1580 1658 1833 1764 loquax
1878 1664 1944 1727 et
1987 1661 2059 1726 ιιι
2102 1664 2326 1725 contu-

272 1737 500 1817 melias
544 1748 1020 1836 praefectorum
1063 1750 1404 1836 ingeniosa
1446 1751 1924 1835 provincia,1n
1853 1750 1924 1816 in
1969 1771 2099 1834 qua
2133 1748 2327 1816 etiam
2414 1748 2441 1765 ⁸

271 1841 409 1926 qui.
434 1841 804 1906 vitaverunt
847 1838 1107 1943 culpam
1152 1860 1289 1906 non
1334 1839 1697 1926 effugerunt
1742 1832 2103 1924 infamiam,
2148 1838 2329 1905 velut

175 1949 235 1990 20
271 1929 540 1995 unicum
604 1929 966 1996 sanctitatis
1033 1930 1402 2014 exemplum
1467 1930 1760 2013 suspexit
1824 1933 1916 2013 et,
1990 1927 2164 2013 quod
2228 1928 2327 1993 illi

273 2018 736 2085 difficillimum
799 2022 925 2102 est,
990 2018 1097 2084 cui
1159 2018 1355 2084 etiam
1419 2018 1769 2102 periculosi
1831 2019 1997 2084 sales
2050 2019 2326 2102 placent,

275 2129 534 2172 omnem
579 2108 926 2173 verborum
969 2107 1301 2172 licentiam
1349 2107 1670 2174 continuit
1715 2110 1780 2177 et
1814 2107 2011 2173 hodie
2048 2107 2324 2173 similem

271 2196 402 2281 illi,
448 2197 744 2281 quamvis
779 2217 1137 2280 numquam
1175 2200 1417 2281 speret,
1464 2217 1717 2300 semper
1753 2200 1952 2283 optat
2046 2197 2327 2261 multum

273 2289 438 2370 erat,
485 2287 542 2351 si
585 2308 702 2370 per
747 2284 906 2352 XVI
941 2307 1146 2352 annos
1183 2286 1365 2351 illa'm
1402 2286 1737 2370 provincia
1772 2286 2133 2371 probasset:
2177 2285 2327 2369 plus

177 2395 235 2433 25
273 2380 403 2459 est,
458 2375 632 2459 quod
689 2375 1028 2461 ignoravit.
1120 2375 1283 2442 haec
1325 2397 1461 2441 non
1504 2375 1650 2440 ideo
1696 2375 1933 2460 refero,
1986 2378 2062 2440 ut
2104 2372 2327 2438 laudes

274 2464 413 2529 eius
461 2487 767 2549 exequar,
815 2485 973 2547 quas
1022 2464 1547 2530 circumscribere
1593 2468 1691 2530 est
1725 2468 1861 2529 tam
1896 2484 2087 2548 parce
2122 2467 2327 2528 trans-

274 2575 559 2636 currere,
613 2552 724 2619 sed
778 2557 854 2617 ut
907 2554 1247 2639 intellegas
1305 2555 1524 2640 magni
1570 2555 1771 2618 animi
1817 2553 1954 2618 es'se
1998 2552 2327 2635 feminam,

275 2663 473 2726 quam
516 2664 652 2707 non
699 2643 994 2726 ambitio,
1039 2664 1174 2706 non
1209 2641 1507 2727 avaritia,
1554 2643 1820 2708 comites
1858 2641 2067 2707 omnis
2102 2644 2329 2726 poten-

273 2732 406 2796 tiae
464 2734 529 2796 et
582 2735 822 2816 pestes,
890 2731 1210 2814 vicerunt,
1276 2751 1410 2796 non
1463 2735 1671 2798 metus
1736 2730 1963 2796 mortis
2028 2731 2157 2795 iam
2223 2752 2327 2795 ex-

180 2841 238 2880 eo
275 2823 524 2886 armata
549 2843 712 2886 nave
726 2821 1150 2923 nauh-agium
1185 2840 1375 2885 suum
1402 2823 1801 2906 spectantem
1830 2820 2156 2903 deterruit,
2196 2841 2325 2903 quo

276 2911 492 2975 minus
557 2909 838 2977 exanimi
891 2910 1032 2975 viro
1087 2910 1358 2975 haerens
1414 2932 1548 2975 non
1603 2914 1962 2994 quaereret,
2024 2907 2325 2993 quemad-

401 3102 492 3157 2
528 3103 775 3156 meet-um
803 3100 888 3156 A¹
925 3117 956 3155 c
984 3109 1179 3170 postea
1214 3102 1392 3158 deleta
1434 3102 1456 3174 ΙΙ
1498 3101 1535 3156 3
1570 3100 1847 3175 naufrage
1882 3102 2040 3186 uexit
2066 3101 2151 3156 A¹
2186 3115 2326 3156 nau·
2386 3089 2396 3098 χ

275 3172 328 3226 fr
297 3189 442 3243 raga
477 3174 636 3228 uexit
662 3173 747 3228 Δι’
781 3172 802 3245 Η
835 3172 872 3227 8
910 3188 1018 3242 cap
1046 3176 1103 3228 A
1145 3173 1167 3245 Ι
1188 3181 1315 3244 post
1352 3173 1658 3243 sepultura
1676 3173 1839 3229 Gertz
1873 3173 1982 3227 viri
2016 3173 2179 3240 adds
2213 3189 2326 3228 non

267 3252 412 3314 puto
459 3247 827 3301 necessarium
869 3244 898 3369 'kl
944 3244 1012 3299 17
1060 3243 1270 3314 loquax
1308 3246 1364 3300 A
1416 3248 1472 3314 (x
1508 3262 1643 3300 corr.
1682 3243 2135 3312 exrvelsA⁵)
2182 3244 2189 3315 1
2239 3245 2323 3298 ιιι-

275 3316 714 3371 contumeliosas
762 3331 866 3386 pro
893 3317 1144 3371 cetorum
1186 3318 1242 3371 A
1293 3334 1433 3373 corr.
1474 3316 1612 3386 voly.
1662 3314 1685 3388 ΙΙ
1732 3315 1801 3370 21
1848 3315 2149 3385 periculosi
2186 3316 2271 3369 A⁵
2303 3315 2325 3386 Η

273 3387 352 3515 ἒ),
413 3389 529 3441 iam
593 3389 833 3459 Madvig
905 3403 1031 3442 eam
1095 3389 1151 3442 A
1213 3387 1244 3460 ΙΙ
1314 3388 1383 3444 31
1451 3389 1773 3459 quaereret,
1836 3404 1951 3442 non
2012 3388 2321 3455 transponit

351 3459 592 3515 aciamus

389 3567 1256 3612 Semuncmomu11eed.nrem
1267 3579 1301 3608 ι.
1826 3572 1894 3620 24
