2544 3746
217 211 246 259 1

213 1458 248 1507 3

213 1907 248 1955 4
286 1890 639 1957 carnificati
684 1891 886 1957 animi
930 1892 1129 1957 verba
1173 1893 1353 1958 suntl
1433 1914 1649 1958 nonne
1694 1913 1995 1958 revocare
2041 1913 2109 1956 se
2156 1892 2334 1976 quis·
2372 1913 2423 1952 κο
2526 1884 2528 1912 ¹

214 2442 247 2488 ὅ

291 48 416 115 112
691 45 752 101 L.
781 44 1066 101 ANNAEI
1102 43 1435 101 SENECAE
1472 44 1663 101 DIAL.
1692 43 1829 99 LIB.
1858 44 1925 99 V.

463 188 575 257 IV.
663 190 757 256 Vt
817 190 896 257 de
960 191 1188 258 ceteris
1251 189 1520 257 dubium
1584 190 1694 275 sit,
1759 191 1924 256 nulli
1989 193 2160 255 certe
2228 190 2333 255 ad-

286 280 484 345 fectui
541 280 725 366 peior
780 285 878 346 est
935 281 1182 364 vultus,
1243 288 1437 365 quem
1498 280 1569 345 in
1620 279 1944 365 prioribus
1998 280 2182 345 libris
2230 278 2333 345 de·

285 370 688 455 scripsimus:
761 391 1060 455 asperum
1120 373 1185 435 et
1243 391 1456 435 acrem
1516 373 1583 435 et
1636 390 1813 435 nunc
1866 367 2183 435 subducto
2239 391 2333 434 re-

285 462 532 525 trorsus
606 459 919 547 sanguine
991 459 1348 546 fugatoque
1420 458 1797 544 pallentem,
1870 479 2044 523 nunc
2116 460 2185 522 in
2260 480 2332 523 os

287 549 465 613 omni
501 549 713 614 calore
749 570 826 615 ac
862 548 1096 634 spiritu
1130 570 1318 615 verso
1357 547 1910 615 subrubicundum
1953 551 2018 613 et
2053 548 2333 613 similem
2399 570 2423 611 s

288 641 582 723 cruento,
644 637 825 704 venis
897 638 1326 722 tumentibus,
1400 637 1605 704 oculis
1677 658 1852 703 nunc
1923 636 2193 722 trepidis
2267 642 2332 703 et

287 727 724 812 exilientibus,
767 748 941 793 nunc
982 728 1053 792 in
1087 749 1218 792 uno
1258 728 1491 793 obtutu
1528 726 1754 793 defixis
1793 730 1859 793 et
1891 725 2333 810 haerentibus3

285 816 465 882 adice
529 815 818 882 dentium
880 818 1051 882 inter
1113 838 1182 882 se
1245 818 1664 883 arietatorum
1723 820 1797 882 ut
1850 816 2134 901 aliquem
2193 836 2332 882 esse

287 905 685 991 cupientium
729 927 865 971 non
908 906 1108 971 alium
1153 928 1388 972 sonum
1435 928 1631 991 quam
1678 910 1776 971 est
1822 904 1993 991 apris
2038 906 2171 971 tela
2216 926 2335 970 sua

285 995 528 1061 adtritu
590 984 1011 1081 acuentibus,
1061 996 1238 1061 adice
1304 995 1722 1062 articulorum
1782 995 2128 1081 crepitum,
2182 1016 2332 1061 cum
2373 1017 2421 1057 ιο
2525 994 2526 1009 ²

286 1085 606 1240 {2131}ss
624 1107 924 1240 nixi-lgblros
983 1090 1242 1241 tracto&
1270 1090 1356 1240 ιΐέ
1400 1084 2335 1241 {lussiffimlnerdffliusingtgblife

286 1284 549 1349 corpus,
585 1263 831 1331 incerta
864 1263 1064 1329 verba
1098 1196 1329 1330 subiilzis
1368 1196 1974 1349 exclamationibus:
1988 1263 2335 1329 trementia

283 1352 467 1419 labra
526 1352 978 1439 interdumque
1043 1375 1389 1439 conpressa
1451 1358 1516 1419 et
1580 1354 1792 1419 dirum
1853 1352 2159 1439 quiddam
2227 1376 2332 1418 ex-

286 1442 628 1509 sibilantia.
744 1444 1055 1529 ferarum,
1128 1467 1230 1509 me
1302 1444 1624 1528 hercules,
1699 1444 1836 1509 sive
1907 1444 2052 1507 illas
2126 1443 2332 1508 fames
2373 1464 2423 1504 ιε

286 1532 489 1619 agitat
561 1533 696 1598 sive
760 1533 1034 1599 infixum
1096 1533 1451 1600 visceribus
1513 1534 1781 1617 ferrum,
1848 1534 2061 1597 minus
2124 1536 2335 1597 taetra

284 1620 480 1686 facies
554 1625 680 1706 est,
751 1622 946 1688 etiam
1017 1643 1166 1688 cum
1229 1626 1602 1688 venatorem
1666 1644 1856 1688 suum
1921 1621 2333 1688 semianimes

287 1731 506 1776 morsu
577 1711 809 1776 ultimo
884 1716 1142 1797 petunt,
1209 1734 1406 1797 quam
1468 1711 1751 1778 hominis
1816 1712 1913 1776 ira
1975 1712 2333 1797 flagrantis.

285 1822 432 1889 age,
504 1800 561 1865 si
633 1798 934 1867 exaudire
1002 1822 1193 1867 voces
1259 1823 1334 1867 ac
1396 1801 1605 1868 minas
1668 1806 1880 1887 vacet,
1945 1800 2160 1886 qualia
2225 1823 2335 1867 ex-

287 2002 411 2065 que
457 1980 538 2045 ab
582 1980 681 2046 ira
723 1981 925 2064 volet,
971 2002 1120 2047 cum
1167 1981 1555 2046 intellexerit
1594 1981 1775 2046 illam
1813 2004 1853 2046 a
1889 2002 2005 2046 suo
2042 1979 2333 2066 primum

284 2069 456 2134 malo
503 2068 829 2154 incipere?
899 2090 1034 2135 non
1076 2069 1176 2135 vis
1223 2092 1378 2157 ergo
1420 2070 1801 2136 admoneam
1838 2092 1978 2154 eos,
2014 2070 2126 2154 qui
2164 2070 2332 2134 iram

285 2179 538 2224 summa
588 2159 882 2244 potentia
935 2162 1233 2226 exercent
1287 2163 1352 2225 et
1405 2164 1854 2246 argumentum
1908 2159 2143 2224 virium
2200 2159 2334 2224 exi-

285 2252 571 2313 stumant
616 2252 682 2314 et
726 2249 795 2313 in
839 2250 1092 2336 magnis
1152 2271 1426 2336 magnae
1479 2250 1777 2314 fortunae
1830 2249 2019 2315 bonis
2074 2254 2334 2333 ponunt

283 2341 574 2424 paratam
636 2337 981 2422 ultionem,
1045 2360 1239 2423 quam
1302 2360 1437 2405 non
1500 2338 1586 2405 sit
1648 2343 1905 2423 potens,
1970 2339 2171 2403 immo
2244 2361 2333 2403 ne
2372 2361 2423 2399 2⁵

283 2427 449 2492 liber
508 2426 766 2511 quidem
822 2426 950 2493 dici
994 2428 1202 2512 possit
1245 2428 1379 2494 irae
1425 2449 1577 2494 suae
1624 2427 1960 2513 captivus?
2047 2449 2183 2493 non
2227 2428 2332 2492 vis

284 2515 692 2600 admoneam,
747 2538 875 2601 quo
923 2499 1306 2604 'diligentior
1350 2517 1622 2602 quisque
1668 2519 1761 2583 sit·
1798 2523 1863 2582 et
1907 2518 2046 2601 ipse
2094 2540 2160 2581 se
2208 2518 2333 2581 cir·

285 2607 693 2691 cumspiciat,
739 2605 865 2671 alia
909 2607 1109 2671 animi
1152 2608 1325 2673 mala
1368 2606 1449 2672 ad
1496 2607 1809 2692 pessimos
1849 2626 2138 2691 quosque
2185 2627 2333 2689 per-

283 2695 513 2779 tinere,
557 2695 953 2761 iracundiam
1001 2695 1194 2761 etiam
1243 2697 1510 2762 eruditis
1556 2697 1927 2763 hominibus
1976 2701 2040 2761 et
2084 2695 2155 2760 in
2200 2695 2333 2760 alia

285 2784 455 2850 sanis
501 2783 832 2870 inrepere?
904 2786 1062 2851 adeo
1109 2790 1183 2850 ut
1229 2786 1491 2874 quidam
1538 2786 1970 2863 simplicitatis
2012 2786 2331 2850 indicium
2372 2808 2425 2847 30

461 2935 502 2994 4
537 2935 698 3010 iussos
725 2933 809 2991 A⁵
844 2931 1010 2988 innos
1039 2931 1191 2990 A1-.²
1225 2929 1248 3002 ΙΙ
1286 2929 1316 2984 ’2
1355 2923 1721 2997 exillsientib3
1750 2922 1836 2980 A⁶
1867 2925 2027 2993 (eras.
2056 2919 2099 2990 l)
2136 2919 2158 2992 ΙΙ
2190 2917 2227 2974 8
2262 2920 2338 2972 ut

286 3011 521 3082 Lipsius
555 3007 603 3064 ἅ
640 3008 696 3062 A
739 3005 760 3078 ΙΙ
804 3003 874 3060 12
912 3002 1107 3058 altilus
1144 3001 1214 3073 (ti
1241 3017 1348 3071 per
1382 2999 1685 3070 li9aturam
1719 2995 1845 3063 scr.)
1881 3009 2019 3050 corr.
2050 3008 2120 3048 ex
2155 2989 2337 3060 alatus

285 3085 415 3152 tort.
451 3079 538 3138 A²
577 3078 601 3153 ΙΙ
642 3075 716 3133 28
749 3093 854 3146 pro
892 3088 1111 3130 summa
1145 3069 1406 3142 potentia
1446 3069 1641 3137 Gertz,-
1674 3067 1903 3136 facilius
1938 3069 2075 3148 esset
2109 3076 2339 3117 summa

329 3169 391 3208 ro
424 3149 716 3221 potentia3
750 3147 847 3204 sed
879 3147 966 3202 πᾶ
1000 3144 1218 3216 uidetur
1252 3140 1585 3219 mummium
1611 3139 1711 3208 cfr.
1732 3153 1776 3194 c.
1800 3140 1870 3194 13
1897 3141 2031 3192 extr.
2057 3152 2121 3189 m
2148 3151 2190 3188 s.
2210 3134 2337 3218 pot.

287 3171 345 3280 Ξ
397 3222 486 3278 ira
538 3235 815 3278 summam
911 3215 1187 3274 otentiam
1241 3213 1506 3270 exercent
1556 3209 1723 3267 scribi
1774 3207 1982 3265 mavolt
2024 3204 2267 3289 Μαᾱρις
2320 3203 2336 3288 1

292 3292 673 3368 existssimant
708 3290 751 3360 (i
785 3306 817 3344 r
896 3331 908 3345 .
938 3303 1075 3344 corr.
1105 3301 1175 3343 ex
1206 3287 1268 3356 u)
1305 3286 1363 3342 A
1396 3283 1419 3358 ΙΙ
1453 3281 1527 3339 25
1562 3281 1639 3337 sit
1664 3281 1747 3350 A,
1775 3279 1880 3336 del.
1904 3277 2125 3346 Haase,
2150 3292 2218 3332 m
2243 3291 2343 3329 sm

291 3381 431 3422 corr.
470 3362 548 3420 H.
575 3363 632 3420 J.
663 3361 906 3428 Mallem
953 3359 1054 3416 hoc
1100 3357 1310 3427 falsum
1356 3372 1467 3413 esso
1510 3352 1653 3411 vidit
1691 3350 1881 3421 Gertz,
1926 3347 2221 3407 alud-non
2257 3352 2345 3404 est

293 3437 656 3492 necessarium
691 3433 713 3507 ΙΙ
747 3431 820 3488 26
858 3430 1114 3502 captivus
1153 3429 1388 3500 Lipsius
1425 3428 1625 3497 captus
1654 3424 1711 3481 A
1725 3423 1778 3479 L
