2544 3746
480 123 581 179 AD
620 123 1050 214 GAPLIONEM
1085 124 1184 180 DE
1222 124 1401 181 VITA
1436 125 1681 192 BEATA
1719 126 1872 183 CAP.
1905 134 1990 184 14.
2021 134 2087 183 15
2170 132 2299 197 211

265 270 378 336 sed
424 270 600 357 ipsos
646 271 948 355 voluptas
995 271 1214 355 habet,
1274 272 1457 337 euius
1503 276 1617 338 aut
1662 272 1883 357 inopia
1925 277 2309 359 torquentur

263 363 379 424 aut
424 360 612 444 eopia
657 360 1166 445 strangulantur,
1221 362 1469 445 miseri,
1528 363 1584 427 si
1630 362 2007 430 deseruntur
2052 364 2131 429 ab
2178 364 2309 448 ina,

265 448 655 533 miseriores,
718 449 775 514 si
836 449 1222 534 obruuntm3
1282 450 1451 525 siout
1504 451 1798 536 deprensi
1842 453 2005 517 mari
2052 450 2305 537 Syrtico

265 537 458 603 modo
507 538 576 603 in
621 538 792 604 sicco
838 538 1319 623 relinquuntur,
1368 540 1562 606 modo
1608 543 1893 606 torrente
1937 541 2111 606 unda
2154 542 2309 608 fiue-

201 648 227 689 5
262 629 545 692 tuantur.
655 627 870 693 evenit
942 631 1152 692 autem
1229 628 1357 695 hoe
1426 626 1629 694 nimia
1690 630 2184 714 intemperantia
2245 634 2309 696 et
2344 649 2377 697 2

263 737 482 781 amore
541 737 730 783 oaeeo
775 716 900 801 rei3
959 739 1111 782 nam
1157 718 1330 783 mala
1373 740 1492 802 pro
1539 717 1727 784 bonis
1771 719 2018 804 petenti
2061 720 2309 804 perieu-

260 804 476 870 losum
532 810 630 871 est
689 805 970 889 adsequi.
1061 810 1138 872 ut
1188 807 1356 872 feras
1417 828 1565 873 oum
1623 808 1845 874 labore
1892 808 2309 893 periculoque

126 918 132 927 ·
260 914 575 959 venamur
645 898 710 959 et
781 898 1113 979 captarum
1189 916 1445 980 quoque
1511 896 1770 961 illarum
1834 896 2113 963 sollicita
2164 919 2311 982 pos-

265 983 463 1049 sessio
542 987 642 1049 est
699 1020 788 1031 -—-
853 1006 1040 1069 saepe
1109 986 1283 1049 enim
1350 985 1597 1052 laniant
1664 985 1961 1053 dominos
2029 1022 2146 1070 —,
2218 988 2311 1053 ita

172 1094 227 1134 ιο
262 1071 503 1138 habent
586 1094 654 1139 se
727 1094 996 1159 magnae
1068 1074 1463 1159 voluptates:
1545 1076 1614 1139 in
1684 1096 1992 1161 magnum
2064 1076 2307 1141 malum

263 1183 519 1228 evasere
564 1164 916 1246 captaeque
961 1184 1211 1249 oepere3
1257 1183 1421 1247 quae
1467 1185 1598 1248 quo
1645 1163 1861 1249 plures
1907 1164 2309 1250 maioresque

264 1254 442 1334 sunt,
479 1272 557 1317 eo
596 1252 706 1317 ille
743 1253 956 1317 minor
992 1273 1067 1318 ae
1102 1252 1388 1336 plurium
1418 1275 1637 1319 servus
1674 1258 1797 1337 est,
1836 1275 2026 1338 quem
2053 1254 2308 1320 felicem

260 1340 494 1427 volgus
565 1341 863 1425 appellat.
970 1362 1343 1425 permanere
1410 1342 1571 1407 libet
1629 1342 1698 1407 in
1760 1342 1884 1408 hae
1942 1342 2309 1409 etiamnunc
2344 1359 2377 1408 3

260 1429 454 1494 huius
509 1430 604 1494 rei
663 1430 962 1516 imagine.
1054 1430 1598 1515 quemadmodum
1646 1432 1758 1516 qui
1803 1431 2155 1497 bestiarum
2203 1455 2307 1499 eu-

171 1538 224 1579 15
261 1518 420 1583 bilia
463 1518 728 1605 indagat
775 1522 838 1584 et

949 1622 1152 1691 laqueo
1192 1627 1427 1693 captare
1464 1622 1615 1679 feras

262 1752 498 1817 magno
547 1732 844 1797 aestimat
888 1735 953 1798 et

758 1854 907 1909 latos
945 1853 1180 1910 canibus
1219 1855 1571 1911 circumdare
1610 1855 1813 1924 saltus,

261 1966 336 2028 ut
393 1963 652 2029 illarum
707 1964 980 2051 vestigia
1034 1968 1309 2049 premat,
1367 1965 1625 2049 potiora
1681 1964 1915 2032 deserit
1958 1964 2305 2050 multisque

171 2075 226 2116 ιο
265 2051 500 2122 officiis
560 2053 912 2119 renuntiat:
977 2054 1068 2118 ita
1128 2055 1241 2137 qui
1302 2057 1583 2120 sectatur
1642 2054 2043 2139 voluptatem
2091 2055 2307 2119 omnia

261 2141 600 2226 postponit
645 2146 711 2208 et
754 2143 1031 2226 primam
1071 2143 1440 2208 libertatem
1484 2144 1763 2229 neelegit
1808 2164 1885 2209 ao
1929 2165 2048 2227 pro
2084 2147 2307 2208 ventre

263 2229 592 2384 depglndit,
636 2252 757 2297 nee
801 2232 1166 2316 voluptates
1214 2232 1342 2297 sibi
1361 2229 1563 2315 emit,
1611 2231 1723 2299 sed
1760 2253 1827 2298 se
1862 2232 2305 2316 voluptatibus

259 2341 387 2385 ven
435 2319 498 2386 't.

439 2423 582 2492 XV.
659 2425 860 2504 ‘Quid
903 2425 1152 2493 tamen'
1196 2427 1411 2511 inquit
1456 2426 1790 2511 ‘prohibet
1838 2427 1907 2491 in
1943 2449 2145 2492 unum
2182 2428 2306 2491 vir-
2346 2443 2373 2492 1

168 2537 222 2578 85
259 2519 470 2580 tutem
528 2515 1056 2600 voluptatemque
1120 2515 1431 2581 confundi
1490 2518 1555 2581 et
1613 2515 1704 2580 ita
1757 2515 1929 2582 efflei
1982 2538 2305 2582 summum

260 2604 534 2688 bonum,
578 2607 654 2669 ut
697 2603 868 2669 idem
914 2608 981 2669 et
1023 2604 1369 2670 honestum
1415 2607 1481 2669 et
1525 2604 1877 2671 iucundum
1924 2603 2082 2669 sit?'
2156 2606 2307 2690 quia

261 2714 413 2777 pars
457 2691 716 2759 honesti
758 2715 893 2759 non
936 2697 1155 2777 potest
1199 2715 1338 2759 esse
1381 2693 1509 2764 nisi
1552 2693 1922 2778 honestum,
1971 2715 2092 2759 nee
2137 2716 2306 2760 sum-

262 2803 442 2847 mum
496 2783 739 2848 bonum
785 2782 1050 2847 habebit
1095 2783 1528 2848 sinceritatem
1577 2805 1785 2867 suam,
1843 2783 1900 2848 si
1946 2783 2190 2868 aliquid
2237 2785 2304 2848 in

441 2957 512 3012 16
551 2959 704 3030 Ver-9.
731 2973 906 3029 qeory.
936 2959 979 3012 I
1012 2961 1118 3014 139
1130 2973 1204 3028 sq.
1236 2931 1337 3026 οἷν.
1368 2957 1491 3015 Sen.
1522 2959 1675 3028 epist.
1706 2961 1794 3026 90,
1825 2962 1893 3014 11

442 3063 479 3120 2
517 3063 916 3135 stragulentur.
975 3078 1050 3118 an
1087 3062 1248 3118 serisi
1276 3066 1330 3117 A
1366 3080 1504 3120 corr.
1532 3065 1670 3135 voly.
1706 3063 1728 3137 ΙΙ
1770 3063 1807 3118 6
1844 3080 2011 3120 caeco
2049 3065 2131 3120 rei
2166 3066 2302 3136 voly.

262 3150 395 3207 eece
431 3134 514 3189 rei
542 3138 595 3189 A
632 3137 748 3190 ‘res
782 3137 833 3192 h.
864 3136 900 3191 l.
930 3136 1211 3208 significat
1245 3135 1601 3206 voluptatem,
1631 3152 1797 3204 quam
1823 3138 2029 3192 malam
2057 3153 2165 3192 esse
2192 3153 2305 3192 mm

261 3223 404 3277 opus
453 3212 532 3264 est
578 3207 726 3263 dici?
787 3206 951 3262 Gertz
1002 3205 1025 3279 ΙΙ
1079 3207 1109 3261 7
1160 3206 1515 3276 periculoque
1562 3223 1847 3263 amamur.
1918 3214 1970 3263 et
2018 3214 2306 3278 captarum

263 3293 490 3347 quoque
517 3278 599 3332 A¹⁵
631 3277 653 3351 Η
687 3277 760 3333 10
795 3276 1011 3333 habent
1038 3293 1099 3334 se
1127 3294 1370 3349 magnae
1401 3279 1640 3350 Madviq
1674 3277 1949 3334 habentes
1987 3294 2223 3350 magnas
2250 3281 2306 3334 A

261 3347 502 3404 habenti
535 3365 775 3421 magnas
804 3350 1043 3422 Bentley
1075 3350 1098 3424 ΙΙ
1131 3349 1204 3405 14
1239 3349 1491 3421 imagine
1518 3350 1574 3406 A
1617 3351 1624 3422 Ι
1667 3349 1765 3420 qui
1791 3351 1929 3421 0019.
1965 3349 2169 3420 quibus
2197 3353 2252 3405 A
2285 3350 2307 3422 ΙΙ

261 3419 340 3476 10
363 3419 513 3477 ferat
537 3422 620 3476 Αι
646 3437 782 3478 sorr.
809 3438 878 3477 m.
913 3425 1082 3490 1—2,
1109 3422 1357 3478 radendo
1382 3421 1580 3479 deinde
1604 3439 1675 3479 m.
1696 3425 1731 3478 5
1757 3422 1777 3494 ΙΙ
1803 3421 1872 3476 17
1904 3423 2171 3494 estimant
2196 3423 2250 3476 A
2286 3431 2308 3484 ΙΙ

261 3491 338 3548 18
373 3492 554 3550 saltus
587 3494 728 3565 ⁹⁰²9·
758 3509 827 3551 σω
865 3493 1070 3564 Ver-qao·
1105 3493 1260 3550 codd.
1299 3493 1453 3549 intus
1481 3494 1538 3548 A

1774 3600 1877 3653 14·
