<?xml version="1.0" encoding="UTF-8"?>
<!DOCTYPE html PUBLIC "-//W3C//DTD XHTML 1.0 Transitional//EN"
    "http://www.w3.org/TR/xhtml1/DTD/xhtml1-transitional.dtd">
<html xmlns="http://www.w3.org/1999/xhtml" xml:lang="en" lang="en">
 <head>
  <title>
</title>
<meta http-equiv="Content-Type" content="text/html;charset=utf-8" />
  <meta name='ocr-system' content='tesseract 3.04.00' />
  <meta name='ocr-capabilities' content='ocr_page ocr_carea ocr_par ocr_line ocrx_word'/>
</head>
<body>
  <div class='ocr_page' id='page_1' title='image "./lannaeisenecaeo01unkngoog_0281.png"; bbox 0 0 2544 3746; ppageno 0'>
   <div class='ocr_carea' id='block_1_1' title="bbox 171 1089 228 1129">
    <p class='ocr_par' dir='ltr' id='par_1_1' title="bbox 171 1089 228 1129">
     <span class='ocr_line' id='line_1_1' title="bbox 171 1089 228 1129; baseline 0 0"><span class='ocrx_word' id='word_1_1' title='bbox 171 1089 228 1129; x_wconf 78' lang='lat'>10</span> 
     </span>
    </p>
   </div>
   <div class='ocr_carea' id='block_1_2' title="bbox 170 1532 225 1574">
    <p class='ocr_par' dir='ltr' id='par_1_2' title="bbox 170 1532 225 1574">
     <span class='ocr_line' id='line_1_2' title="bbox 170 1532 225 1574; baseline 0.018 -1"><span class='ocrx_word' id='word_1_2' title='bbox 170 1532 225 1574; x_wconf 73' lang='lat'>15</span> 
     </span>
    </p>
   </div>
   <div class='ocr_carea' id='block_1_3' title="bbox 262 98 2301 175">
    <p class='ocr_par' dir='ltr' id='par_1_3' title="bbox 262 98 2301 175">
     <span class='ocr_line' id='line_1_3' title="bbox 262 98 2301 175; baseline 0 -18"><span class='ocrx_word' id='word_1_3' title='bbox 262 102 366 157; x_wconf 85' lang='lat' dir='ltr'>&#39;AD</span> <span class='ocrx_word' id='word_1_4' title='bbox 396 101 748 161; x_wconf 74' lang='lat' dir='ltr'><strong>SERENVM</strong></span> <span class='ocrx_word' id='word_1_5' title='bbox 773 101 872 155; x_wconf 86' lang='lat' dir='ltr'>DE</span> <span class='ocrx_word' id='word_1_6' title='bbox 901 98 1548 166; x_wconf 77' lang='lat' dir='ltr'>TRANQVILLITATE</span> <span class='ocrx_word' id='word_1_7' title='bbox 1577 98 1794 153; x_wconf 82' lang='lat' dir='ltr'>ANIMI</span> <span class='ocrx_word' id='word_1_8' title='bbox 1822 98 1975 154; x_wconf 79' lang='lat' dir='ltr'>GAP.</span> <span class='ocrx_word' id='word_1_9' title='bbox 1998 104 2047 155; x_wconf 79' lang='lat'>6.</span> <span class='ocrx_word' id='word_1_10' title='bbox 2069 104 2100 155; x_wconf 83' lang='grc'>’1</span> <span class='ocrx_word' id='word_1_11' title='bbox 2166 100 2301 175; x_wconf 73' lang='lat'>257</span> 
     </span>
    </p>
   </div>
   <div class='ocr_carea' id='block_1_4' title="bbox 233 243 2306 333">
    <p class='ocr_par' dir='ltr' id='par_1_4' title="bbox 233 243 2306 333">
     <span class='ocr_line' id='line_1_4' title="bbox 233 243 2306 333; baseline -0.001 -20"><span class='ocrx_word' id='word_1_12' title='bbox 233 269 433 314; x_wconf 78' lang='lat' dir='ltr'>-nova</span> <span class='ocrx_word' id='word_1_13' title='bbox 477 246 818 333; x_wconf 89' lang='lat' dir='ltr'>occupatio</span> <span class='ocrx_word' id='word_1_14' title='bbox 853 243 1322 330; x_wconf 74' lang='lat' dir='ltr'><strong>multiplexque</strong></span> <span class='ocrx_word' id='word_1_15' title='bbox 1354 247 1684 328; x_wconf 85' lang='lat' dir='ltr'>nascetur,</span> <span class='ocrx_word' id='word_1_16' title='bbox 1722 265 1843 310; x_wconf 90' lang='lat' dir='ltr'>nec</span> <span class='ocrx_word' id='word_1_17' title='bbox 1877 244 2306 310; x_wconf 81' lang='lat' dir='ltr'>accedendum</span> 
     </span>
    </p>
   </div>
   <div class='ocr_carea' id='block_1_5' title="bbox 262 333 2309 690">
    <p class='ocr_par' dir='ltr' id='par_1_5' title="bbox 262 333 2309 690">
     <span class='ocr_line' id='line_1_5' title="bbox 265 333 2305 422; baseline -0.002 -18"><span class='ocrx_word' id='word_1_18' title='bbox 265 358 368 422; x_wconf 86' lang='lat' dir='ltr'>eo,</span> <span class='ocrx_word' id='word_1_19' title='bbox 413 337 584 403; x_wconf 88' lang='lat' dir='ltr'>unde</span> <span class='ocrx_word' id='word_1_20' title='bbox 627 338 796 403; x_wconf 88' lang='lat' dir='ltr'>liber</span> <span class='ocrx_word' id='word_1_21' title='bbox 837 356 1164 421; x_wconf 71' lang='lat' dir='ltr'>regressus</span> <span class='ocrx_word' id='word_1_22' title='bbox 1199 356 1335 399; x_wconf 89' lang='lat' dir='ltr'>non</span> <span class='ocrx_word' id='word_1_23' title='bbox 1370 334 1483 417; x_wconf 88' lang='lat' dir='ltr'>sit·</span> <span class='ocrx_word' id='word_1_24' title='bbox 1527 333 1607 399; x_wconf 88' lang='lat' dir='ltr'>iis</span> <span class='ocrx_word' id='word_1_25' title='bbox 1644 333 2043 400; x_wconf 79' lang='lat' dir='ltr'>admo-venda</span> <span class='ocrx_word' id='word_1_26' title='bbox 2077 355 2305 399; x_wconf 84' lang='lat' dir='ltr'>manus</span> 
     </span>
     <span class='ocr_line' id='line_1_6' title="bbox 263 420 2309 511; baseline -0.001 -20"><span class='ocrx_word' id='word_1_27' title='bbox 263 432 389 509; x_wconf 88' lang='lat' dir='ltr'>est,</span> <span class='ocrx_word' id='word_1_28' title='bbox 437 448 714 511; x_wconf 89' lang='lat' dir='ltr'>quorum</span> <span class='ocrx_word' id='word_1_29' title='bbox 758 424 955 490; x_wconf 90' lang='lat' dir='ltr'>finem</span> <span class='ocrx_word' id='word_1_30' title='bbox 1000 426 1114 488; x_wconf 85' lang='lat' dir='ltr'>aut</span> <span class='ocrx_word' id='word_1_31' title='bbox 1157 420 1368 489; x_wconf 84' lang='lat' dir='ltr'>facere</span> <span class='ocrx_word' id='word_1_32' title='bbox 1412 426 1527 489; x_wconf 84' lang='lat' dir='ltr'>aut</span> <span class='ocrx_word' id='word_1_33' title='bbox 1570 428 1745 488; x_wconf 86' lang='lat' dir='ltr'>certe</span> <span class='ocrx_word' id='word_1_34' title='bbox 1783 434 2039 507; x_wconf 85' lang='lat' dir='ltr'>sperare</span> <span class='ocrx_word' id='word_1_35' title='bbox 2076 422 2309 508; x_wconf 88' lang='lat' dir='ltr'>possis,</span> 
     </span>
     <span class='ocr_line' id='line_1_7' title="bbox 262 511 2307 600; baseline -0.002 -20"><span class='ocrx_word' id='word_1_36' title='bbox 262 516 712 600; x_wconf 83' lang='lat' dir='ltr'>relinquenda,</span> <span class='ocrx_word' id='word_1_37' title='bbox 775 534 938 597; x_wconf 82' lang='lat' dir='ltr'>quae</span> <span class='ocrx_word' id='word_1_38' title='bbox 990 512 1184 578; x_wconf 77' lang='lat' dir='ltr'>letius</span> <span class='ocrx_word' id='word_1_39' title='bbox 1241 516 1393 579; x_wconf 85' lang='lat' dir='ltr'>actu</span> <span class='ocrx_word' id='word_1_40' title='bbox 1435 511 1795 597; x_wconf 87' lang='lat' dir='ltr'>procedunt</span> <span class='ocrx_word' id='word_1_41' title='bbox 1836 533 1957 579; x_wconf 92' lang='lat' dir='ltr'>nec</span> <span class='ocrx_word' id='word_1_42' title='bbox 2000 512 2117 577; x_wconf 91' lang='lat' dir='ltr'>ubi</span> <span class='ocrx_word' id='word_1_43' title='bbox 2159 532 2307 597; x_wconf 85' lang='lat' dir='ltr'>pro-</span> 
     </span>
     <span class='ocr_line' id='line_1_8' title="bbox 262 604 920 690; baseline -0.006 -20"><span class='ocrx_word' id='word_1_44' title='bbox 262 604 556 690; x_wconf 74' lang='lat' dir='ltr'>posueris</span> <span class='ocrx_word' id='word_1_45' title='bbox 603 604 920 671; x_wconf 88' lang='lat' dir='ltr'>desinunt.</span> 
     </span>
    </p>
   </div>
   <div class='ocr_carea' id='block_1_6' title="bbox 261 706 2377 2753">
    <p class='ocr_par' dir='ltr' id='par_1_6' title="bbox 261 706 2377 2753">
     <span class='ocr_line' id='line_1_9' title="bbox 397 706 2375 791; baseline 0.001 -15.024"><span class='ocrx_word' id='word_1_46' title='bbox 397 708 586 776; x_wconf 87' lang='lat' dir='ltr'>..VH</span> <span class='ocrx_word' id='word_1_47' title='bbox 664 708 1024 775; x_wconf 86' lang='lat' dir='ltr'><strong>Hominum</strong></span> <span class='ocrx_word' id='word_1_48' title='bbox 1076 707 1303 791; x_wconf 87' lang='lat' dir='ltr'>utique</span> <span class='ocrx_word' id='word_1_49' title='bbox 1349 707 1620 773; x_wconf 87' lang='lat' dir='ltr'>dilectus</span> <span class='ocrx_word' id='word_1_50' title='bbox 1666 706 1997 773; x_wconf 84' lang='lat' dir='ltr'>habendus</span> <span class='ocrx_word' id='word_1_51' title='bbox 2043 710 2168 772; x_wconf 88' lang='lat' dir='ltr'>est.</span> <span class='ocrx_word' id='word_1_52' title='bbox 2222 728 2308 772; x_wconf 86' lang='lat' dir='ltr'>an</span> <span class='ocrx_word' id='word_1_53' title='bbox 2345 724 2375 777; x_wconf 84' lang='lat'>1</span> 
     </span>
     <span class='ocr_line' id='line_1_10' title="bbox 263 758 2308 886; baseline -0.002 -21"><span class='ocrx_word' id='word_1_54' title='bbox 263 758 447 886; x_wconf 83' lang='lat' dir='ltr'>digni</span> <span class='ocrx_word' id='word_1_55' title='bbox 511 799 642 865; x_wconf 90' lang='lat' dir='ltr'>sint</span> <span class='ocrx_word' id='word_1_56' title='bbox 708 798 941 884; x_wconf 85' lang='lat' dir='ltr'>quibus</span> <span class='ocrx_word' id='word_1_57' title='bbox 1005 801 1254 882; x_wconf 87' lang='lat' dir='ltr'>partem</span> <span class='ocrx_word' id='word_1_58' title='bbox 1319 797 1490 861; x_wconf 78' lang='lat' dir='ltr'>vitae</span> <span class='ocrx_word' id='word_1_59' title='bbox 1550 799 1809 862; x_wconf 87' lang='lat' dir='ltr'>nostrae</span> <span class='ocrx_word' id='word_1_60' title='bbox 1861 794 2308 880; x_wconf 69' lang='lat' dir='ltr'>inpendemus,</span> 
     </span>
     <span class='ocr_line' id='line_1_11' title="bbox 262 882 2305 972; baseline -0.002 -19"><span class='ocrx_word' id='word_1_61' title='bbox 262 910 347 953; x_wconf 81' lang='lat' dir='ltr'>an</span> <span class='ocrx_word' id='word_1_62' title='bbox 402 888 485 953; x_wconf 80' lang='lat' dir='ltr'>ad</span> <span class='ocrx_word' id='word_1_63' title='bbox 538 888 687 953; x_wconf 91' lang='lat' dir='ltr'>illos</span> <span class='ocrx_word' id='word_1_64' title='bbox 733 885 1043 972; x_wconf 90' lang='lat' dir='ltr'>temporis</span> <span class='ocrx_word' id='word_1_65' title='bbox 1087 886 1297 951; x_wconf 88' lang='lat' dir='ltr'>nostri</span> <span class='ocrx_word' id='word_1_66' title='bbox 1341 885 1587 951; x_wconf 79' lang='lat' dir='ltr'>iactura</span> <span class='ocrx_word' id='word_1_67' title='bbox 1630 884 1988 969; x_wconf 82' lang='lat' dir='ltr'>perveniat3</span> <span class='ocrx_word' id='word_1_68' title='bbox 2044 882 2305 968; x_wconf 85' lang='lat' dir='ltr'>quidam</span> 
     </span>
     <span class='ocr_line' id='line_1_12' title="bbox 263 973 2374 1059; baseline -0.001 -17"><span class='ocrx_word' id='word_1_69' title='bbox 263 977 436 1042; x_wconf 84' lang='lat' dir='ltr'>enim</span> <span class='ocrx_word' id='word_1_70' title='bbox 479 978 652 1043; x_wconf 88' lang='lat' dir='ltr'>ultro</span> <span class='ocrx_word' id='word_1_71' title='bbox 700 976 916 1043; x_wconf 84' lang='lat' dir='ltr'>officia</span> <span class='ocrx_word' id='word_1_72' title='bbox 958 974 1146 1041; x_wconf 92' lang='lat' dir='ltr'>nobis</span> <span class='ocrx_word' id='word_1_73' title='bbox 1192 978 1416 1040; x_wconf 85' lang='lat' dir='ltr'>nostra</span> <span class='ocrx_word' id='word_1_74' title='bbox 1458 974 1777 1059; x_wconf 83' lang='lat' dir='ltr'>inputant.</span> <span class='ocrx_word' id='word_1_75' title='bbox 1847 973 2305 1039; x_wconf 73' lang='lat' dir='ltr'>Athenodorus</span> <span class='ocrx_word' id='word_1_76' title='bbox 2342 991 2374 1039; x_wconf 79' lang='lat'>2</span> 
     </span>
     <span class='ocr_line' id='line_1_13' title="bbox 263 1061 2308 1149; baseline -0.001 -19"><span class='ocrx_word' id='word_1_77' title='bbox 263 1066 357 1130; x_wconf 87' lang='lat' dir='ltr'>ait</span> <span class='ocrx_word' id='word_1_78' title='bbox 409 1087 492 1131; x_wconf 90' lang='lat' dir='ltr'>ne</span> <span class='ocrx_word' id='word_1_79' title='bbox 546 1066 628 1131; x_wconf 85' lang='lat' dir='ltr'>ad</span> <span class='ocrx_word' id='word_1_80' title='bbox 684 1086 908 1131; x_wconf 86' lang='lat' dir='ltr'>cenam</span> <span class='ocrx_word' id='word_1_81' title='bbox 954 1064 1215 1149; x_wconf 86' lang='lat' dir='ltr'>quidem</span> <span class='ocrx_word' id='word_1_82' title='bbox 1261 1086 1330 1130; x_wconf 90' lang='lat' dir='ltr'>se</span> <span class='ocrx_word' id='word_1_83' title='bbox 1374 1064 1615 1129; x_wconf 88' lang='lat' dir='ltr'>iturum</span> <span class='ocrx_word' id='word_1_84' title='bbox 1664 1063 1745 1128; x_wconf 88' lang='lat' dir='ltr'>ad</span> <span class='ocrx_word' id='word_1_85' title='bbox 1789 1085 1967 1146; x_wconf 88' lang='lat' dir='ltr'>eum,</span> <span class='ocrx_word' id='word_1_86' title='bbox 2025 1062 2138 1147; x_wconf 83' lang='lat' dir='ltr'>qui</span> <span class='ocrx_word' id='word_1_87' title='bbox 2183 1061 2308 1128; x_wconf 87' lang='lat' dir='ltr'>sibi</span> 
     </span>
     <span class='ocr_line' id='line_1_14' title="bbox 262 1152 2305 1239; baseline -0.001 -20"><span class='ocrx_word' id='word_1_88' title='bbox 262 1154 361 1219; x_wconf 91' lang='lat' dir='ltr'>nil</span> <span class='ocrx_word' id='word_1_89' title='bbox 404 1176 525 1239; x_wconf 89' lang='lat' dir='ltr'>pro</span> <span class='ocrx_word' id='word_1_90' title='bbox 570 1155 698 1221; x_wconf 89' lang='lat' dir='ltr'>hoc</span> <span class='ocrx_word' id='word_1_91' title='bbox 744 1153 1074 1219; x_wconf 80' lang='lat' dir='ltr'>debiturus</span> <span class='ocrx_word' id='word_1_92' title='bbox 1122 1153 1234 1220; x_wconf 83' lang='lat' dir='ltr'>sit:</span> <span class='ocrx_word' id='word_1_93' title='bbox 1281 1157 1442 1237; x_wconf 89' lang='lat' dir='ltr'>puto</span> <span class='ocrx_word' id='word_1_94' title='bbox 1488 1152 1809 1239; x_wconf 85' lang='lat' dir='ltr'>intellegis</span> <span class='ocrx_word' id='word_1_95' title='bbox 1847 1153 2054 1217; x_wconf 91' lang='lat' dir='ltr'>multo</span> <span class='ocrx_word' id='word_1_96' title='bbox 2092 1152 2305 1217; x_wconf 89' lang='lat' dir='ltr'>minus</span> 
     </span>
     <span class='ocr_line' id='line_1_15' title="bbox 263 1240 2309 1328; baseline -0.001 -20"><span class='ocrx_word' id='word_1_97' title='bbox 263 1243 346 1308; x_wconf 81' lang='lat' dir='ltr'>ad</span> <span class='ocrx_word' id='word_1_98' title='bbox 391 1265 502 1309; x_wconf 91' lang='lat' dir='ltr'>eos</span> <span class='ocrx_word' id='word_1_99' title='bbox 549 1244 818 1328; x_wconf 88' lang='lat' dir='ltr'>iturum,</span> <span class='ocrx_word' id='word_1_100' title='bbox 865 1243 979 1327; x_wconf 91' lang='lat' dir='ltr'>qui</span> <span class='ocrx_word' id='word_1_101' title='bbox 1023 1264 1171 1309; x_wconf 88' lang='lat' dir='ltr'>cum</span> <span class='ocrx_word' id='word_1_102' title='bbox 1207 1242 1561 1307; x_wconf 85' lang='lat' dir='ltr'>amicorum</span> <span class='ocrx_word' id='word_1_103' title='bbox 1600 1240 1833 1307; x_wconf 83' lang='lat' dir='ltr'>officiis</span> <span class='ocrx_word' id='word_1_104' title='bbox 1870 1240 2051 1325; x_wconf 84' lang='lat' dir='ltr'>paria</span> <span class='ocrx_word' id='word_1_105' title='bbox 2087 1261 2309 1306; x_wconf 83' lang='lat' dir='ltr'>mensa</span> 
     </span>
     <span class='ocr_line' id='line_1_16' title="bbox 263 1330 2308 1417; baseline -0.002 -19"><span class='ocrx_word' id='word_1_106' title='bbox 263 1332 538 1416; x_wconf 81' lang='lat' dir='ltr'>faciunt,</span> <span class='ocrx_word' id='word_1_107' title='bbox 587 1334 699 1416; x_wconf 90' lang='lat' dir='ltr'>qui</span> <span class='ocrx_word' id='word_1_108' title='bbox 744 1331 1014 1398; x_wconf 84' lang='lat' dir='ltr'>fericula</span> <span class='ocrx_word' id='word_1_109' title='bbox 1058 1352 1176 1416; x_wconf 90' lang='lat' dir='ltr'>pro</span> <span class='ocrx_word' id='word_1_110' title='bbox 1225 1331 1546 1417; x_wconf 85' lang='lat' dir='ltr'>congiaris</span> <span class='ocrx_word' id='word_1_111' title='bbox 1590 1334 1957 1415; x_wconf 78' lang='lat' dir='ltr'>numerant,</span> <span class='ocrx_word' id='word_1_112' title='bbox 2008 1330 2194 1413; x_wconf 82' lang='lat' dir='ltr'>quasi</span> <span class='ocrx_word' id='word_1_113' title='bbox 2237 1330 2308 1394; x_wconf 90' lang='lat' dir='ltr'>in</span> 
     </span>
     <span class='ocr_line' id='line_1_17' title="bbox 264 1418 2307 1504; baseline -0.001 -17"><span class='ocrx_word' id='word_1_114' title='bbox 264 1422 547 1487; x_wconf 85' lang='lat' dir='ltr'>alienum</span> <span class='ocrx_word' id='word_1_115' title='bbox 591 1422 905 1487; x_wconf 90' lang='lat' dir='ltr'>honorem</span> <span class='ocrx_word' id='word_1_116' title='bbox 952 1422 1453 1504; x_wconf 78' lang='lat' dir='ltr'>intemperantes</span> <span class='ocrx_word' id='word_1_117' title='bbox 1499 1420 1656 1485; x_wconf 87' lang='lat' dir='ltr'>sint:</span> <span class='ocrx_word' id='word_1_118' title='bbox 1706 1420 1889 1485; x_wconf 90' lang='lat' dir='ltr'>deme</span> <span class='ocrx_word' id='word_1_119' title='bbox 1934 1418 2065 1485; x_wconf 90' lang='lat' dir='ltr'>illis</span> <span class='ocrx_word' id='word_1_120' title='bbox 2111 1422 2307 1485; x_wconf 89' lang='lat' dir='ltr'>testes</span> 
     </span>
     <span class='ocr_line' id='line_1_18' title="bbox 264 1508 2309 1596; baseline -0.002 -19"><span class='ocrx_word' id='word_1_121' title='bbox 264 1514 813 1596; x_wconf 77' lang='lat' dir='ltr'>spectatoresque,</span> <span class='ocrx_word' id='word_1_122' title='bbox 876 1532 1012 1575; x_wconf 91' lang='lat' dir='ltr'>non</span> <span class='ocrx_word' id='word_1_123' title='bbox 1073 1509 1420 1575; x_wconf 73' lang='lat' dir='ltr'>delectabit</span> <span class='ocrx_word' id='word_1_124' title='bbox 1481 1508 1725 1594; x_wconf 85' lang='lat' dir='ltr'>popina</span> <span class='ocrx_word' id='word_1_125' title='bbox 1778 1510 2039 1574; x_wconf 83' lang='lat' dir='ltr'>secreta.</span> <span class='ocrx_word' id='word_1_126' title='bbox 2109 1509 2309 1574; x_wconf 80' lang='lat' dir='ltr'>*con-</span> 
     </span>
     <span class='ocr_line' id='line_1_19' title="bbox 262 1597 2310 1701; baseline -0.002 -35"><span class='ocrx_word' id='word_1_127' title='bbox 262 1599 673 1668; x_wconf 78' lang='lat' dir='ltr'>siderandum</span> <span class='ocrx_word' id='word_1_128' title='bbox 737 1603 861 1683; x_wconf 86' lang='lat' dir='ltr'>est,</span> <span class='ocrx_word' id='word_1_129' title='bbox 926 1602 1143 1669; x_wconf 86' lang='lat' dir='ltr'>utrum</span> <span class='ocrx_word' id='word_1_130' title='bbox 1207 1602 1440 1664; x_wconf 83' lang='lat' dir='ltr'>natura</span> <span class='ocrx_word' id='word_1_131' title='bbox 1499 1602 1615 1663; x_wconf 89' lang='lat' dir='ltr'>tua</span> <span class='ocrx_word' id='word_1_132' title='bbox 1658 1597 1933 1701; x_wconf 77' lang='lat' dir='ltr'>agendis</span> <span class='ocrx_word' id='word_1_133' title='bbox 1984 1597 2177 1662; x_wconf 88' lang='lat' dir='ltr'>rebus</span> <span class='ocrx_word' id='word_1_134' title='bbox 2224 1618 2310 1662; x_wconf 87' lang='lat' dir='ltr'>an</span> 
     </span>
     <span class='ocr_line' id='line_1_20' title="bbox 263 1685 2309 1773; baseline -0.002 -20"><span class='ocrx_word' id='word_1_135' title='bbox 263 1688 478 1754; x_wconf 82' lang='lat' dir='ltr'>otioso</span> <span class='ocrx_word' id='word_1_136' title='bbox 542 1688 758 1754; x_wconf 89' lang='lat' dir='ltr'>studio</span> <span class='ocrx_word' id='word_1_137' title='bbox 823 1687 1485 1773; x_wconf 87' lang='lat' dir='ltr'>contemplationique</span> <span class='ocrx_word' id='word_1_138' title='bbox 1538 1685 1753 1773; x_wconf 83' lang='lat' dir='ltr'>aptior</span> <span class='ocrx_word' id='word_1_139' title='bbox 1805 1686 1916 1771; x_wconf 88' lang='lat' dir='ltr'>sit,</span> <span class='ocrx_word' id='word_1_140' title='bbox 1981 1689 2046 1750; x_wconf 88' lang='lat' dir='ltr'>et</span> <span class='ocrx_word' id='word_1_141' title='bbox 2089 1707 2166 1751; x_wconf 90' lang='lat' dir='ltr'>eo</span> <span class='ocrx_word' id='word_1_142' title='bbox 2213 1686 2309 1749; x_wconf 91' lang='lat' dir='ltr'>in·</span> 
     </span>
     <span class='ocr_line' id='line_1_21' title="bbox 261 1774 2307 1862; baseline -0.002 -19"><span class='ocrx_word' id='word_1_143' title='bbox 261 1777 656 1861; x_wconf 73' lang='lat' dir='ltr'>elinandum,</span> <span class='ocrx_word' id='word_1_144' title='bbox 683 1798 818 1861; x_wconf 87' lang='lat' dir='ltr'>quo</span> <span class='ocrx_word' id='word_1_145' title='bbox 839 1781 906 1843; x_wconf 87' lang='lat' dir='ltr'>te</span> <span class='ocrx_word' id='word_1_146' title='bbox 937 1778 1030 1842; x_wconf 79' lang='lat' dir='ltr'>vis</span> <span class='ocrx_word' id='word_1_147' title='bbox 1060 1776 1305 1862; x_wconf 83' lang='lat' dir='ltr'>ingenii</span> <span class='ocrx_word' id='word_1_148' title='bbox 1332 1775 1609 1842; x_wconf 79' lang='lat' dir='ltr'>feret—</span> <span class='ocrx_word' id='word_1_149' title='bbox 1626 1774 1939 1842; x_wconf 85' lang='lat' dir='ltr'>Isocrates</span> <span class='ocrx_word' id='word_1_150' title='bbox 1968 1774 2307 1859; x_wconf 83' lang='lat' dir='ltr'>Ephorum</span> 
     </span>
     <span class='ocr_line' id='line_1_22' title="bbox 261 1864 2307 1950; baseline -0.002 -17"><span class='ocrx_word' id='word_1_151' title='bbox 261 1866 500 1933; x_wconf 84' lang='lat' dir='ltr'>iniecta</span> <span class='ocrx_word' id='word_1_152' title='bbox 563 1888 758 1933; x_wconf 84' lang='lat' dir='ltr'>manu</span> <span class='ocrx_word' id='word_1_153' title='bbox 821 1889 860 1932; x_wconf 85' lang='lat' dir='ltr'>a</span> <span class='ocrx_word' id='word_1_154' title='bbox 914 1866 1064 1933; x_wconf 89' lang='lat' dir='ltr'>foro</span> <span class='ocrx_word' id='word_1_155' title='bbox 1126 1864 1433 1932; x_wconf 79' lang='lat' dir='ltr'>subduxit</span> <span class='ocrx_word' id='word_1_156' title='bbox 1477 1864 1798 1932; x_wconf 81' lang='lat' dir='ltr'>utiliorem</span> <span class='ocrx_word' id='word_1_157' title='bbox 1848 1864 2307 1950; x_wconf 77' lang='lat' dir='ltr'>componendis</span> 
     </span>
     <span class='ocr_line' id='line_1_23' title="bbox 263 1954 2311 2040; baseline -0.002 -19"><span class='ocrx_word' id='word_1_158' title='bbox 263 1957 701 2023; x_wconf 88' lang='lat' dir='ltr'>monumentis</span> <span class='ocrx_word' id='word_1_159' title='bbox 730 1955 1146 2022; x_wconf 80' lang='lat' dir='ltr'>historiarum</span> <span class='ocrx_word' id='word_1_160' title='bbox 1172 1959 1351 2020; x_wconf 82' lang='lat' dir='ltr'>ratus</span> <span class='ocrx_word' id='word_1_161' title='bbox 1377 1978 1494 2040; x_wconf 75' lang='grc' dir='ltr'>-ς</span> <span class='ocrx_word' id='word_1_162' title='bbox 1526 1956 1693 2021; x_wconf 85' lang='lat' dir='ltr'>male</span> <span class='ocrx_word' id='word_1_163' title='bbox 1721 1955 1894 2020; x_wconf 87' lang='lat' dir='ltr'>enim</span> <span class='ocrx_word' id='word_1_164' title='bbox 1918 1954 2311 2039; x_wconf 89' lang='lat' dir='ltr'>respondent</span> 
     </span>
     <span class='ocr_line' id='line_1_24' title="bbox 263 2039 2308 2132; baseline -0.002 -21"><span class='ocrx_word' id='word_1_165' title='bbox 263 2049 490 2112; x_wconf 86' lang='lat' dir='ltr'>coacta</span> <span class='ocrx_word' id='word_1_166' title='bbox 551 2045 837 2132; x_wconf 86' lang='lat' dir='ltr'>ingenia,</span> <span class='ocrx_word' id='word_1_167' title='bbox 900 2046 1256 2111; x_wconf 74' lang='lat' dir='ltr'>reluctante</span> <span class='ocrx_word' id='word_1_168' title='bbox 1318 2048 1551 2110; x_wconf 86' lang='lat' dir='ltr'>natura</span> <span class='ocrx_word' id='word_1_169' title='bbox 1611 2045 1842 2110; x_wconf 88' lang='lat' dir='ltr'>inritus</span> <span class='ocrx_word' id='word_1_170' title='bbox 1904 2042 2093 2108; x_wconf 78' lang='lat' dir='ltr'>labor</span> <span class='ocrx_word' id='word_1_171' title='bbox 2154 2046 2266 2108; x_wconf 90' lang='lat' dir='ltr'>est.</span> <span class='ocrx_word' id='word_1_172' title='bbox 2268 2039 2308 2081; x_wconf 87' lang='grc'>*</span> 
     </span>
     <span class='ocr_line' id='line_1_25' title="bbox 261 2131 2377 2219; baseline -0.001 -21"><span class='ocrx_word' id='word_1_173' title='bbox 261 2133 431 2198; x_wconf 87' lang='lat' dir='ltr'>nihil</span> <span class='ocrx_word' id='word_1_174' title='bbox 475 2138 693 2200; x_wconf 87' lang='lat' dir='ltr'>tamen</span> <span class='ocrx_word' id='word_1_175' title='bbox 740 2155 940 2219; x_wconf 85' lang='lat' dir='ltr'>aeque</span> <span class='ocrx_word' id='word_1_176' title='bbox 978 2134 1397 2199; x_wconf 80' lang='lat' dir='ltr'>oblectaverit</span> <span class='ocrx_word' id='word_1_177' title='bbox 1432 2134 1716 2198; x_wconf 83' lang='lat' dir='ltr'>animum</span> <span class='ocrx_word' id='word_1_178' title='bbox 1729 2182 1750 2218; x_wconf 90' lang='lat'>,</span> <span class='ocrx_word' id='word_1_179' title='bbox 1793 2153 1989 2217; x_wconf 86' lang='lat' dir='ltr'>quam</span> <span class='ocrx_word' id='word_1_180' title='bbox 2026 2131 2309 2197; x_wconf 87' lang='lat' dir='ltr'>amicitia</span> <span class='ocrx_word' id='word_1_181' title='bbox 2344 2149 2377 2196; x_wconf 80' lang='lat'>3</span> 
     </span>
     <span class='ocr_line' id='line_1_26' title="bbox 261 2222 2309 2308; baseline -0.002 -20"><span class='ocrx_word' id='word_1_182' title='bbox 261 2223 474 2288; x_wconf 84' lang='lat' dir='ltr'>fidelis</span> <span class='ocrx_word' id='word_1_183' title='bbox 521 2228 586 2289; x_wconf 91' lang='lat' dir='ltr'>et</span> <span class='ocrx_word' id='word_1_184' title='bbox 631 2223 854 2289; x_wconf 89' lang='lat' dir='ltr'>dulcis.</span> <span class='ocrx_word' id='word_1_185' title='bbox 948 2227 1261 2308; x_wconf 82' lang='lat' dir='ltr'>quantum·</span> <span class='ocrx_word' id='word_1_186' title='bbox 1307 2223 1549 2288; x_wconf 92' lang='lat' dir='ltr'>bonum</span> <span class='ocrx_word' id='word_1_187' title='bbox 1594 2226 1720 2305; x_wconf 82' lang='lat' dir='ltr'>est,</span> <span class='ocrx_word' id='word_1_188' title='bbox 1773 2222 1885 2287; x_wconf 91' lang='lat' dir='ltr'>ubi</span> <span class='ocrx_word' id='word_1_189' title='bbox 1930 2223 2309 2305; x_wconf 83' lang='lat' dir='ltr'>praeparata</span> 
     </span>
     <span class='ocr_line' id='line_1_27' title="bbox 265 2309 2307 2397; baseline -0.002 -18"><span class='ocrx_word' id='word_1_190' title='bbox 265 2316 418 2379; x_wconf 89' lang='lat' dir='ltr'>sunt</span> <span class='ocrx_word' id='word_1_191' title='bbox 479 2315 771 2397; x_wconf 84' lang='lat' dir='ltr'>pectora,</span> <span class='ocrx_word' id='word_1_192' title='bbox 833 2313 904 2377; x_wconf 92' lang='lat' dir='ltr'>in</span> <span class='ocrx_word' id='word_1_193' title='bbox 950 2333 1114 2397; x_wconf 84' lang='lat' dir='ltr'>quae</span> <span class='ocrx_word' id='word_1_194' title='bbox 1157 2315 1303 2377; x_wconf 90' lang='lat' dir='ltr'>tuto</span> <span class='ocrx_word' id='word_1_195' title='bbox 1350 2316 1665 2378; x_wconf 88' lang='lat' dir='ltr'>secretum</span> <span class='ocrx_word' id='word_1_196' title='bbox 1711 2333 1901 2376; x_wconf 91' lang='lat' dir='ltr'>omne</span> <span class='ocrx_word' id='word_1_197' title='bbox 1948 2309 2307 2392; x_wconf 77' lang='lat' dir='ltr'>descendat,</span> 
     </span>
     <span class='ocr_line' id='line_1_28' title="bbox 265 2400 2305 2486; baseline -0.001 -21"><span class='ocrx_word' id='word_1_198' title='bbox 265 2423 542 2486; x_wconf 86' lang='lat' dir='ltr'>quorum</span> <span class='ocrx_word' id='word_1_199' title='bbox 572 2401 1031 2467; x_wconf 82' lang='lat' dir='ltr'>conscientiam</span> <span class='ocrx_word' id='word_1_200' title='bbox 1068 2400 1281 2467; x_wconf 89' lang='lat' dir='ltr'>minus</span> <span class='ocrx_word' id='word_1_201' title='bbox 1309 2422 1504 2485; x_wconf 86' lang='lat' dir='ltr'>quam</span> <span class='ocrx_word' id='word_1_202' title='bbox 1530 2405 1711 2466; x_wconf 83' lang='lat' dir='ltr'>tuam</span> <span class='ocrx_word' id='word_1_203' title='bbox 1736 2400 1991 2481; x_wconf 85' lang='lat' dir='ltr'>timeas,</span> <span class='ocrx_word' id='word_1_204' title='bbox 2030 2419 2305 2483; x_wconf 87' lang='lat' dir='ltr'>quorum</span> 
     </span>
     <span class='ocr_line' id='line_1_29' title="bbox 264 2488 2307 2575; baseline -0.001 -20"><span class='ocrx_word' id='word_1_205' title='bbox 264 2511 476 2556; x_wconf 88' lang='lat' dir='ltr'>sermo</span> <span class='ocrx_word' id='word_1_206' title='bbox 551 2490 1053 2556; x_wconf 86' lang='lat' dir='ltr'>sollicitudinem</span> <span class='ocrx_word' id='word_1_207' title='bbox 1114 2491 1342 2575; x_wconf 85' lang='lat' dir='ltr'>leniat,</span> <span class='ocrx_word' id='word_1_208' title='bbox 1416 2490 1733 2556; x_wconf 88' lang='lat' dir='ltr'>sententia</span> <span class='ocrx_word' id='word_1_209' title='bbox 1796 2488 2136 2556; x_wconf 86' lang='lat' dir='ltr'>consilium</span> <span class='ocrx_word' id='word_1_210' title='bbox 2202 2510 2307 2553; x_wconf 85' lang='lat' dir='ltr'>ex-</span> 
     </span>
     <span class='ocr_line' id='line_1_30' title="bbox 263 2577 2305 2664; baseline -0.001 -19"><span class='ocrx_word' id='word_1_211' title='bbox 263 2579 509 2664; x_wconf 84' lang='lat' dir='ltr'>pediat,</span> <span class='ocrx_word' id='word_1_212' title='bbox 582 2579 875 2646; x_wconf 74' lang='lat' dir='ltr'>hilaritas</span> <span class='ocrx_word' id='word_1_213' title='bbox 947 2580 1280 2646; x_wconf 86' lang='lat' dir='ltr'>tristitiam</span> <span class='ocrx_word' id='word_1_214' title='bbox 1354 2580 1651 2664; x_wconf 83' lang='lat' dir='ltr'>dissipet,</span> <span class='ocrx_word' id='word_1_215' title='bbox 1721 2583 2104 2662; x_wconf 87' lang='lat' dir='ltr'>conspectus</span> <span class='ocrx_word' id='word_1_216' title='bbox 2168 2577 2305 2662; x_wconf 90' lang='lat' dir='ltr'>ipse</span> 
     </span>
     <span class='ocr_line' id='line_1_31' title="bbox 265 2666 2306 2753; baseline 0 -21"><span class='ocrx_word' id='word_1_217' title='bbox 265 2668 566 2735; x_wconf 83' lang='lat' dir='ltr'>delectet!</span> <span class='ocrx_word' id='word_1_218' title='bbox 657 2690 821 2753; x_wconf 87' lang='lat' dir='ltr'>quos</span> <span class='ocrx_word' id='word_1_219' title='bbox 877 2668 1122 2736; x_wconf 89' lang='lat' dir='ltr'>scilicet</span> <span class='ocrx_word' id='word_1_220' title='bbox 1175 2689 1443 2753; x_wconf 83' lang='lat' dir='ltr'>vacuos,</span> <span class='ocrx_word' id='word_1_221' title='bbox 1497 2671 1810 2753; x_wconf 81' lang='lat' dir='ltr'>quantum</span> <span class='ocrx_word' id='word_1_222' title='bbox 1863 2668 2006 2734; x_wconf 88' lang='lat' dir='ltr'>fieri</span> <span class='ocrx_word' id='word_1_223' title='bbox 2048 2666 2306 2751; x_wconf 86' lang='lat' dir='ltr'>poterit,</span> 
     </span>
    </p>
   </div>
   <div class='ocr_carea' id='block_1_7' title="bbox 261 2823 2309 3250">
    <p class='ocr_par' dir='ltr' id='par_1_7' title="bbox 261 2823 2309 3250">
     <span class='ocr_line' id='line_1_32' title="bbox 444 2823 2308 2898; baseline 0.001 -19"><span class='ocrx_word' id='word_1_224' title='bbox 444 2824 481 2879; x_wconf 82' lang='lat'>4</span> <span class='ocrx_word' id='word_1_225' title='bbox 517 2827 652 2881; x_wconf 81' lang='lat' dir='ltr'>actu</span> <span class='ocrx_word' id='word_1_226' title='bbox 688 2825 772 2881; x_wconf 85' lang='lat' dir='ltr'>A¹</span> <span class='ocrx_word' id='word_1_227' title='bbox 809 2841 875 2879; x_wconf 87' lang='lat' dir='ltr'>ac</span> <span class='ocrx_word' id='word_1_228' title='bbox 912 2828 978 2882; x_wconf 91' lang='lat' dir='ltr'>tu</span> <span class='ocrx_word' id='word_1_229' title='bbox 1014 2823 1101 2881; x_wconf 76' lang='lat' dir='ltr'>A·</span> <span class='ocrx_word' id='word_1_230' title='bbox 1133 2827 1276 2881; x_wconf 77' lang='lat' dir='ltr'>male</span> <span class='ocrx_word' id='word_1_231' title='bbox 1322 2823 1345 2898; x_wconf 83' lang='grc' dir='ltr'>ΙΙ</span> <span class='ocrx_word' id='word_1_232' title='bbox 1393 2825 1464 2880; x_wconf 80' lang='grc'>12</span> <span class='ocrx_word' id='word_1_233' title='bbox 1510 2826 1681 2882; x_wconf 82' lang='lat' dir='ltr'>adeos</span> <span class='ocrx_word' id='word_1_234' title='bbox 1717 2843 1854 2882; x_wconf 82' lang='lat' dir='ltr'>corr.</span> <span class='ocrx_word' id='word_1_235' title='bbox 1892 2825 2002 2881; x_wconf 76' lang='lat' dir='ltr'>vid.</span> <span class='ocrx_word' id='word_1_236' title='bbox 2040 2827 2104 2880; x_wconf 77' lang='lat' dir='ltr'>in</span> <span class='ocrx_word' id='word_1_237' title='bbox 2141 2827 2198 2881; x_wconf 99' lang='lat' dir='ltr'><strong><em>A</em></strong></span> <span class='ocrx_word' id='word_1_238' title='bbox 2239 2842 2308 2880; x_wconf 76' lang='lat' dir='ltr'>cx</span> 
     </span>
     <span class='ocr_line' id='line_1_33' title="bbox 265 2895 2307 2969; baseline -0 -19"><span class='ocrx_word' id='word_1_239' title='bbox 265 2895 467 2951; x_wconf 77' lang='lat' dir='ltr'>adeost</span> <span class='ocrx_word' id='word_1_240' title='bbox 499 2895 521 2969; x_wconf 85' lang='grc' dir='ltr'>ΙΙ</span> <span class='ocrx_word' id='word_1_241' title='bbox 556 2896 704 2950; x_wconf 77' lang='grc'>15-</span> <span class='ocrx_word' id='word_1_242' title='bbox 717 2895 786 2951; x_wconf 81' lang='lat'>21</span> <span class='ocrx_word' id='word_1_243' title='bbox 823 2897 989 2952; x_wconf 75' lang='lat' dir='ltr'>verba</span> <span class='ocrx_word' id='word_1_244' title='bbox 1025 2895 1507 2952; x_wconf 75' lang='lat' dir='ltr'>Considerandum</span> <span class='ocrx_word' id='word_1_245' title='bbox 1536 2899 1665 2952; x_wconf 86' lang='lat' dir='ltr'>est.</span> <span class='ocrx_word' id='word_1_246' title='bbox 1741 2897 1987 2952; x_wconf 80' lang='lat' dir='ltr'>‚inritus</span> <span class='ocrx_word' id='word_1_247' title='bbox 2013 2895 2177 2951; x_wconf 82' lang='lat' dir='ltr'>labor</span> <span class='ocrx_word' id='word_1_248' title='bbox 2205 2899 2307 2956; x_wconf 85' lang='lat' dir='ltr'>est.</span> 
     </span>
     <span class='ocr_line' id='line_1_34' title="bbox 263 2968 2309 3052; baseline 0 -30"><span class='ocrx_word' id='word_1_249' title='bbox 263 2981 390 3022; x_wconf 77' lang='lat' dir='ltr'>cwm</span> <span class='ocrx_word' id='word_1_250' title='bbox 424 2968 515 3023; x_wconf 80' lang='lat' dir='ltr'>hic</span> <span class='ocrx_word' id='word_1_251' title='bbox 548 2968 613 3021; x_wconf 75' lang='lat' dir='ltr'>in</span> <span class='ocrx_word' id='word_1_252' title='bbox 647 2969 706 3024; x_wconf 92' lang='lat' dir='ltr'><strong><em>A</em></strong></span> <span class='ocrx_word' id='word_1_253' title='bbox 743 2984 976 3036; x_wconf 74' lang='lat' dir='ltr'>prorsus</span> <span class='ocrx_word' id='word_1_254' title='bbox 1019 2970 1204 3024; x_wconf 74' lang='lat' dir='ltr'>alieno</span> <span class='ocrx_word' id='word_1_255' title='bbox 1249 2969 1366 3024; x_wconf 85' lang='lat' dir='ltr'>loco</span> <span class='ocrx_word' id='word_1_256' title='bbox 1394 2969 1678 3052; x_wconf 51' lang='lat' dir='ltr'>figuram,</span> <span class='ocrx_word' id='word_1_257' title='bbox 1715 2969 1909 3024; x_wconf 76' lang='lat' dir='ltr'>Haase</span> <span class='ocrx_word' id='word_1_258' title='bbox 1944 2970 2007 3024; x_wconf 78' lang='lat' dir='ltr'>in</span> <span class='ocrx_word' id='word_1_259' title='bbox 2042 2985 2161 3037; x_wconf 78' lang='lat' dir='ltr'>cap.</span> <span class='ocrx_word' id='word_1_260' title='bbox 2193 2971 2244 3034; x_wconf 86' lang='lat'>6,</span> <span class='ocrx_word' id='word_1_261' title='bbox 2270 2972 2309 3022; x_wconf 76' lang='lat'><strong><em>2</em></strong></span> 
     </span>
     <span class='ocr_line' id='line_1_35' title="bbox 263 3039 2307 3178; baseline -0.001 -84"><span class='ocrx_word' id='word_1_262' title='bbox 263 3040 610 3178; x_wconf 48' lang='lat' dir='ltr'>trazsposwit</span> <span class='ocrx_word' id='word_1_263' title='bbox 660 3041 806 3094; x_wconf 84' lang='lat' dir='ltr'>mter</span> <span class='ocrx_word' id='word_1_264' title='bbox 853 3040 1019 3095; x_wconf 77' lang='lat' dir='ltr'>verba</span> <span class='ocrx_word' id='word_1_265' title='bbox 1073 3042 1206 3095; x_wconf 83' lang='lat' dir='ltr'>ante</span> <span class='ocrx_word' id='word_1_266' title='bbox 1257 3040 1448 3094; x_wconf 87' lang='lat' dir='ltr'>omnia</span> <span class='ocrx_word' id='word_1_267' title='bbox 1497 3047 1550 3095; x_wconf 75' lang='lat' dir='ltr'>et</span> <span class='ocrx_word' id='word_1_268' title='bbox 1598 3056 1823 3095; x_wconf 78' lang='lat' dir='ltr'>necesse</span> <span class='ocrx_word' id='word_1_269' title='bbox 1874 3042 1961 3094; x_wconf 88' lang='lat' dir='ltr'>est</span> <span class='ocrx_word' id='word_1_270' title='bbox 2010 3056 2069 3095; x_wconf 89' lang='lat' dir='ltr'>se</span> <span class='ocrx_word' id='word_1_271' title='bbox 2119 3039 2142 3093; x_wconf 90' lang='lat' dir='ltr'>i</span> <span class='ocrx_word' id='word_1_272' title='bbox 2184 3056 2307 3093; x_wconf 86' lang='lat' dir='ltr'>sum</span> 
     </span>
     <span class='ocr_line' id='line_1_36' title="bbox 261 3109 2307 3250; baseline 0 -14"><span class='ocrx_word' id='word_1_273' title='bbox 261 3124 604 3236; x_wconf 50' lang='lat' dir='ltr'>w&amp;</span> <span class='ocrx_word' id='word_1_274' title='bbox 636 3109 932 3235; x_wconf 56' lang='lat'>1‘313‘505&#39;</span> <span class='ocrx_word' id='word_1_275' title='bbox 907 3109 2163 3265; x_wconf 39' lang='lat' dir='ltr'>§Zatss‘c‘ffls’wmss‘ssxgsssstaffi⁰3:¹⁶2&amp;</span> <span class='ocrx_word' id='word_1_276' title='bbox 2189 3109 2307 3236; x_wconf 67' lang='lat'>533:</span> 
     </span>
    </p>
   </div>
   <div class='ocr_carea' id='block_1_8' title="bbox 200 3251 2307 3322">
    <p class='ocr_par' dir='ltr' id='par_1_8' title="bbox 200 3251 2307 3322">
     <span class='ocr_line' id='line_1_37' title="bbox 200 3251 2307 3322; baseline -0.001 -14"><span class='ocrx_word' id='word_1_277' title='bbox 200 3291 204 3295; x_wconf 93' lang='lat'><em>-</em></span> <span class='ocrx_word' id='word_1_278' title='bbox 261 3251 323 3308; x_wconf 95' lang='lat' dir='ltr'><strong><em>A</em></strong></span> <span class='ocrx_word' id='word_1_279' title='bbox 359 3265 420 3305; x_wconf 83' lang='lat' dir='ltr'>eo</span> <span class='ocrx_word' id='word_1_280' title='bbox 455 3251 820 3321; x_wconf 63' lang='lat' dir='ltr'>significatur,</span> <span class='ocrx_word' id='word_1_281' title='bbox 857 3252 1002 3320; x_wconf 77' lang='lat' dir='ltr'>quod</span> <span class='ocrx_word' id='word_1_282' title='bbox 1047 3253 1116 3307; x_wconf 81' lang='lat' dir='ltr'>ab</span> <span class='ocrx_word' id='word_1_283' title='bbox 1161 3253 1249 3307; x_wconf 72' lang='lat' dir='ltr'>his</span> <span class='ocrx_word' id='word_1_284' title='bbox 1292 3253 1470 3308; x_wconf 76' lang='lat' dir='ltr'>verbis</span> <span class='ocrx_word' id='word_1_285' title='bbox 1508 3254 1689 3322; x_wconf 70' lang='lat' dir='ltr'>spatio</span> <span class='ocrx_word' id='word_1_286' title='bbox 1724 3253 2011 3321; x_wconf 72' lang='lat' dir='ltr'>aliquanto</span> <span class='ocrx_word' id='word_1_287' title='bbox 2047 3252 2119 3307; x_wconf 84' lang='lat' dir='ltr'>ab</span> <span class='ocrx_word' id='word_1_288' title='bbox 2156 3258 2307 3306; x_wconf 77' lang='lat' dir='ltr'>ante-</span> 
     </span>
    </p>
   </div>
   <div class='ocr_carea' id='block_1_9' title="bbox 259 3320 2310 3536">
    <p class='ocr_par' dir='ltr' id='par_1_9' title="bbox 259 3320 2310 3536">
     <span class='ocr_line' id='line_1_38' title="bbox 260 3320 2308 3396; baseline -0.001 -18"><span class='ocrx_word' id='word_1_289' title='bbox 260 3321 580 3378; x_wconf 70' lang='lat' dir='ltr'>cedentibus</span> <span class='ocrx_word' id='word_1_290' title='bbox 603 3321 799 3378; x_wconf 72' lang='lat' dir='ltr'>divisis</span> <span class='ocrx_word' id='word_1_291' title='bbox 823 3339 969 3379; x_wconf 75' lang='lat' dir='ltr'>nova</span> <span class='ocrx_word' id='word_1_292' title='bbox 997 3325 1158 3392; x_wconf 63' lang='lat' dir='ltr'>quam·</span> <span class='ocrx_word' id='word_1_293' title='bbox 1181 3325 1346 3379; x_wconf 74' lang='lat' dir='ltr'>sectio</span> <span class='ocrx_word' id='word_1_294' title='bbox 1372 3324 1549 3394; x_wconf 63' lang='lat' dir='ltr'>incip·</span> <span class='ocrx_word' id='word_1_295' title='bbox 1540 3323 1607 3379; x_wconf 77' lang='grc' dir='ltr'>’.ἐ</span> <span class='ocrx_word' id='word_1_296' title='bbox 1632 3321 1653 3396; x_wconf 80' lang='grc' dir='ltr'>ΙΙ</span> <span class='ocrx_word' id='word_1_297' title='bbox 1690 3321 1759 3378; x_wconf 88' lang='grc'>18</span> <span class='ocrx_word' id='word_1_298' title='bbox 1785 3324 1853 3378; x_wconf 91' lang='lat' dir='ltr'>ut</span> <span class='ocrx_word' id='word_1_299' title='bbox 1878 3329 2007 3378; x_wconf 75' lang='lat' dir='ltr'>ante</span> <span class='ocrx_word' id='word_1_300' title='bbox 2032 3320 2308 3377; x_wconf 82' lang='lat' dir='ltr'>Isocrates</span> 
     </span>
     <span class='ocr_line' id='line_1_39' title="bbox 259 3341 2310 3536; baseline -0 -87"><span class='ocrx_word' id='word_1_301' title='bbox 259 3392 584 3536; x_wconf 59' lang='lat' dir='ltr'>m</span> <span class='ocrx_word' id='word_1_302' title='bbox 637 3399 815 3450; x_wconf 71' lang='lat' dir='ltr'>censet</span> <span class='ocrx_word' id='word_1_303' title='bbox 861 3393 1024 3469; x_wconf 64' lang='lat' dir='ltr'>Ger-ts</span> <span class='ocrx_word' id='word_1_304' title='bbox 1071 3395 1080 3468; x_wconf 86' lang='grc' dir='ltr'>Ι</span> <span class='ocrx_word' id='word_1_305' title='bbox 1143 3393 1402 3451; x_wconf 84' lang='lat' dir='ltr'>Socrates</span> <span class='ocrx_word' id='word_1_306' title='bbox 1456 3341 1757 3466; x_wconf 75' lang='lat' dir='ltr'>sephorum</span> <span class='ocrx_word' id='word_1_307' title='bbox 1819 3392 1971 3450; x_wconf 81' lang='lat' dir='ltr'>lecta</span> <span class='ocrx_word' id='word_1_308' title='bbox 2034 3409 2207 3448; x_wconf 80' lang='lat' dir='ltr'>manu</span> <span class='ocrx_word' id='word_1_309' title='bbox 2252 3395 2310 3449; x_wconf 94' lang='lat' dir='ltr'><strong><em>A</em></strong></span> 
     </span>
    </p>
   </div>
   <div class='ocr_carea' id='block_1_10' title="bbox 378 3571 1876 3627">
    <p class='ocr_par' dir='ltr' id='par_1_10' title="bbox 378 3571 1876 3627">
     <span class='ocr_line' id='line_1_40' title="bbox 378 3571 1876 3627; baseline 0.001 -11"><span class='ocrx_word' id='word_1_310' title='bbox 378 3571 928 3618; x_wconf 56' lang='lat' dir='ltr'>§nucum-mlh</span> <span class='ocrx_word' id='word_1_311' title='bbox 947 3575 1119 3617; x_wconf 70' lang='lat' dir='ltr'>eod-E</span> <span class='ocrx_word' id='word_1_312' title='bbox 1128 3585 1242 3617; x_wconf 73' lang='lat' dir='ltr'>rem</span> <span class='ocrx_word' id='word_1_313' title='bbox 1253 3585 1290 3617; x_wconf 83' lang='grc' dir='ltr'>ι.</span> <span class='ocrx_word' id='word_1_314' title='bbox 1813 3578 1876 3627; x_wconf 80' lang='lat'>1‘1</span> 
     </span>
    </p>
   </div>
  </div>
 </body>
</html>
