2544 3746
230 90 363 157 346
608 88 668 142 L.
697 86 984 143 ANNAEI
1020 85 1353 143 SENECAE
1389 85 1581 143 DIAL.
1610 88 1746 143 ΠΒ.
1772 86 1893 144 Xn2

231 234 616 319 asperrimas
662 233 940 318 insulas,
985 230 1327 299 Sciathum
1371 237 1439 299 et
1475 229 1851 319 Seriphum,
1896 231 2185 319 Gyarum
2222 239 2293 300 et

232 322 581 407 Cossuran,
635 343 969 408 percense.
1025 322 1287 389 nullum
1335 322 1625 388 invenies
1681 322 1977 408 exilium,
2029 324 2101 389 in
2156 346 2291 408 quo

162 429 194 477 5
228 435 365 478 non
428 413 664 515 aliquis
730 412 930 477 animi
992 432 1187 478 causa
1244 415 1589 478 moretur.
1640 412 1797 496 quid
1851 416 1987 477 tam
2038 414 2293 478 nudum

231 503 508 567 inveniri
544 504 787 586 potest,
835 501 991 585 quid
1035 505 1171 566 tam
1217 498 1567 586 abruptum
1606 500 1893 586 undique
1930 523 2127 587 quam
2162 501 2293 568 hoc

233 591 507 657 saxum?
599 592 756 675 quid
801 590 885 655 ad
931 590 1152 675 copias
1187 590 1563 675 respicienti
1598 589 1922 657 ieiunius?
2012 592 2170 676 quid
2206 590 2292 656 ad
2340 610 2378 651 s

231 680 526 745 homines
571 679 1085 745 inmansuetius?
1175 678 1333 764 quid
1370 679 1452 744 ad
1488 680 1704 764 ipsum
1738 680 1871 745 loci
1907 680 2106 747 situm
2140 681 2293 746 hor-

231 768 479 834 ridius?
551 769 710 853 quid
755 769 836 833 ad
883 768 1047 834 caeli
1081 771 1383 834 naturam
1420 768 1998 853 intemperantius?
2068 770 2293 853 plures

229 860 449 923 tamen
502 858 610 925 hic
655 856 980 944 peregrini
1027 879 1222 942 quam
1267 858 1441 924 cives
1488 858 1871 923 consistunt,
1958 879 2167 944 usque
2212 880 2291 923 00

232 968 386 1033 0180
443 948 866 1013 commutatio
913 948 1056 1032 ipsa
1099 947 1396 1013 locorum
1441 947 1657 1033 gravis
1700 969 1838 1012 non
1880 950 2006 1031 est,
2062 951 2138 1011 ut
2182 946 2295 1013 hic

163 1055 195 1103 6
235 1058 493 1121 quoque
565 1037 750 1102 locus
824 1059 863 1101 a
925 1036 1138 1121 patria
1202 1035 1543 1120 quosdam·
1582 1035 1937 1101 abduxerit.
2028 1036 2292 1102 invenio
2330 1060 2381 1099 1ο
2499 1080 2500 1113 1

234 1125 348 1228 qui
394 1125 614 1191 dicant
657 1126 866 1191 inesse
909 1126 1274 1190 naturalem
1319 1124 1643 1209 quandam
1679 1125 2122 1191 inritationem
2156 1125 2295 1191 3111-
2499 1120 2500 1127 '

234 1215 358 1280 mis
415 1216 856 1281 commutandi
910 1214 1090 1280 sedes
1137 1220 1204 1280 et
1254 1213 1685 1280 transferendi
1742 1213 2099 1298 domicilia3
2155 1236 2295 1281 mo·

233 1304 386 1369 bilis
459 1305 632 1369 enim
697 1307 761 1369 et
823 1304 1114 1387 inquieta
1174 1302 1427 1369 homini
1489 1324 1671 1370 mens
1737 1304 1888 1368 data
1950 1308 2075 1387 est,
2141 1325 2296 1370 nus-

235 1414 430 1477 quam
478 1415 545 1458 se
590 1396 793 1477 tenet,
840 1393 1170 1479 spargitur
1213 1397 1280 1457 et
1316 1391 1743 1478 cogitationes
1782 1414 1931 1459 suas
1967 1394 2039 1457 in
2073 1394 2297 1459 0131113
2498 1452 2500 1477 ;

232 1485 392 1547 nota
446 1485 640 1565 atque
696 1482 923 1567 ignota
976 1481 1275 1565 dimittit,
1334 1503 1503 1568 vaga
1555 1485 1622 1546 et
1672 1481 1913 1566 quietis
1970 1481 2295 1584 inpatiens
2330 1503 2379 1544 11

166 1588 196 1636 ’1
235 1576 301 1637 et
353 1571 643 1636 novitate
697 1592 912 1636 rerum
956 1570 1325 1636 laetissima.
1419 1571 1596 1655 quod
1639 1591 1776 1635 non
1820 1570 2183 1655 miraberis,
2239 1571 2297 1637 31

234 1660 513 1745 primam
571 1660 710 1726 eius
771 1661 1089 1747 originem
1149 1659 1505 1745 aspexeris.
1560 1680 1697 1725 non
1750 1662 1851 1725 est
1902 1682 1984 1725 ex
2035 1663 2294 1733 terreno

235 1753 301 1815 et
354 1750 539 1835 gravi
594 1753 896 1815 concreta
949 1770 1247 1834 corpore,
1303 1768 1383 1814 ex
1436 1748 1551 1814 illo
1600 1748 1862 1823 caelesti
1907 1748 2145 1833 spiritu
2188 1749 2295 1815 de-

237 1838 511 1923 scendit3
566 1838 938 1905 caelestium
994 1842 1217 1904 autem
1253 1840 1490 1904 natura
1535 1860 1789 1924 semper
1828 1839 1905 1904 in
1948 1841 2132 1904 motu
2178 1842 2296 1923 est,
2460 1887 2463 1894 ·
2499 1909 2500 1912 ,

234 1929 406 2015 fugit
461 1931 526 1993 et
568 1929 979 1994 velocissimo
1028 1949 1220 1994 cursu
1267 1927 1500 2014 agitur.
1564 1929 1809 2012 aspice
1855 1927 2066 1995 sidera
2111 1950 2297 1993 mun·
2330 1948 2381 1988 ao

236 2018 392 2083 dum
449 2016 1203 2083 inlustrantia2n1sslum
1264 2039 1488 2083 eorum
1546 2002 1809 2102 perstat.
1898 2017 1995 2084 sol
2049 2017 2298 2084 labitur
2499 2017 2500 2026 ³

236 2106 500 2172 adsidue
547 2110 612 2171 et
654 2107 874 2173 locum
920 2129 1002 2172 ex
1044 2107 1191 2172 loco
1237 2109 1450 2171 mutat
1494 2109 1586 2190 et,
1632 2107 1927 2190 quamvis
1964 2128 2117 2173 cum
2153 2107 2297 2172 uni-

234 2217 420 2262 verso
466 2199 782 2281 vertatur,
826 2197 896 2261 in
943 2196 1341 2262 contrarium
1384 2195 1593 2260 nihilo
1630 2194 1845 2261 minus
1881 2197 2013 2281 ipsi
2046 2194 2297 2262 mundo

235 2284 538 2368 refertur,
596 2307 714 2370 per
773 2286 983 2350 omnis
1045 2286 1381 2388 signorum
1439 2287 1657 2369 partes
1717 2284 2049 2369 discurrit,
2109 2306 2299 2350 num-
2499 2311 2500 2368 3

238 2395 433 2459 quam
492 2375 762 2440 resistit:
821 2377 1136 2460 perpetua
1192 2374 1331 2440 eius
1397 2374 1667 2459 agitatio
1724 2377 1791 2438 et
1845 2373 2109 2440 aliunde
2162 2373 2297 2439 alio
2333 2391 2385 2434 ss
2499 2395 2500 2400 ¹

166 2478 199 2528 8
237 2463 688 2549 commigratio
738 2467 850 2529 est.
945 2463 1164 2528 omnia
1201 2462 1557 2527 volvuntur
1594 2484 1845 2548 semper
1877 2465 1949 2528 et
1981 2462 2053 2528 in
2084 2465 2299 2530 trans-

236 2554 337 2617 itu
391 2556 574 2637 sunt3
635 2556 710 2617 ut
762 2553 870 2618 lex
923 2556 989 2617 et
1041 2555 1309 2617 naturae
1366 2551 1713 2618 necessitas
1774 2551 2125 2634 ordinavit,
2179 2552 2301 2616 ali-

237 2641 410 2706 unde
468 2642 599 2706 alio
661 2641 1064 2726 deferuntur3
1124 2661 1275 2707 cum
1328 2661 1445 2725 per
1499 2643 1675 2705 certa
1719 2661 2038 2706 annorum
2081 2641 2303 2724 spatia

240 2731 426 2796 orbes
482 2751 634 2796 suos
691 2730 1143 2816 explicuerint,
1198 2729 1434 2794 iterum
1489 2729 1678 2794 ibunt
1732 2750 1851 2813 per
1898 2750 2062 2814 quae
2106 2750 2302 2796 vene-

237 2822 410 2884 rant:
468 2820 492 2882 i
542 2841 718 2885 nunc
773 2823 839 2884 et
891 2819 1247 2884 humanum
1302 2818 1592 2882 animum
1645 2839 1727 2882 ex
1770 2816 2002 2902 isdem,
2059 2818 2301 2901 quibus
2336 2836 2384 2877 sn

239 2907 459 2973 divina
517 2910 843 2992 constant,
903 2906 1254 2972 seminibus
1315 2906 1750 2990 compositum
1803 2907 2072 2972 moleste
2125 2906 2301 2972 ferre

419 3097 452 3152 1
493 3097 744 3166 Gyarum
778 3099 918 3154 vol.
957 3096 1206 3166 Gyaram
1225 3097 1291 3152 A
1335 3095 1357 3169 ΙΙ
1405 3096 1443 3151 2
1480 3095 1761 3152 Cossuran
1801 3097 1966 3153 Gertz
2002 3095 2301 3166 (Cosuram

243 3169 453 3238 Mwet)
492 3167 760 3222 Corsican
785 3169 844 3224 A
937 3169 967 3223 7
1003 3167 1477 3237 intemperantius
1506 3169 1562 3223 A
1597 3167 2033 3239 intemperatius
2072 3167 2301 3224 Gronov

242 3239 344 3306 cfr.
373 3255 434 3308 p.
463 3242 556 3306 32,
581 3243 620 3294 2
652 3238 674 3311 ΙΙ
709 3237 784 3294 12
819 3256 878 3295 se
921 3255 981 3294 es
1010 3240 1113 3316 sset
1139 3241 1196 3295 A
1233 3242 1393 3311 (eras.
1423 3240 1471 3310 s)
1520 3239 1541 3324 Ι
1563 3238 1635 3295 13
1669 3255 1951 3310 nusquam
1978 3239 2301 3310 Heusinger

243 3309 366 3376 (cfr.
405 3327 466 3378 p.
503 3278 633 3378 2⁹70,
658 3313 754 3380 25)
806 3328 998 3379 nuqua
1025 3315 1081 3367 A
1123 3313 1272 3396 quod
1316 3311 1413 3381 def
1517 3312 1566 3369 it
1598 3311 1798 3383 ,S‘tanql
1844 3310 1865 3395 [Ι
1912 3309 1983 3366 21
2028 3309 2115 3365 sol
2159 3311 2296 3367 aad.

246 3379 475 3435 1111ολ30·
479 3380 549 3434 lis
595 3381 617 3452 Η
664 3380 737 3436 29
773 3385 1068 3438 venerant:
1117 3383 1141 3437 i
1186 3399 1337 3438 nunc
1380 3384 1876 3454 v019.veneraniu.
1933 3399 2082 3438 nunc
2108 3382 2196 3438 A¹
2228 3389 2300 3439 ut

243 3451 354 3504 vid.
392 3452 704 3524 venei-ants]
749 3451 916 3508 Nunc
951 3453 1037 3509 A⁶
