2544 3746
177 1066 231 1104 10

175 1512 229 1553 15

171 1962 228 2001 20

166 2407 223 2450 25

165 2854 225 2894 80

276 92 377 146 AD
404 90 696 170 SERENV
696 91 756 145 M
773 90 873 145 DE
895 89 1539 157 TRANQWLLITATE
1560 90 1779 145 ANIMI
1798 89 1950 147 CAP.
1972 97 2056 148 13.
2076 98 2143 147 14
2189 95 2273 159 27
2286 98 2317 161 1

272 242 520 322 noster,
579 258 728 303 cum
788 236 1006 301 omnia
1064 258 1181 301 sua
1227 236 1481 302 audiret
1526 237 1882 303 submersa:
1943 238 2184 303 ‘iubet'
2230 239 2324 304 in-

271 327 420 409 quit
479 327 610 393 ‘me
666 325 929 391 fortuna
974 326 1335 410 expeditius
1380 326 1867 411 philosophari?
1956 328 2326 394 minabatur

271 415 614 482 Theodoro
669 414 1062 502 philosopho
1117 424 1431 500 tyrannus
1491 420 1767 483 mortem
1814 419 1879 481 et
1926 417 2186 500 quidem
2230 417 2325 481 in-

269 507 622 591 sepultam:
693 504 955 571 ‘habes'
1021 505 1236 589 inquit
1306 505 1452 571 ‘cur
1518 505 1643 571 tibi
1710 506 1994 591 placeas,
2063 506 2325 572 hemina

271 595 605 681 sanguinis
640 594 713 659 in
747 598 862 660 tua
896 598 1216 679 potestate
1253 599 1379 681 est3
1413 617 1566 661 nam
1604 595 1779 679 quod
1815 595 1899 661 ad
1926 596 2324 681 sepulturam

269 686 578 769 pertinet,
619 692 678 749 'o
726 688 792 749 te
837 684 1160 769 ineptum,
1219 685 1275 750 si
1321 688 1511 770 putas
1559 706 1702 750 mea
1746 684 2083 768 interesse,
2128 706 2325 770 supra

269 782 507 839 terram
547 796 631 839 an
667 772 838 838 infra
871 777 1256 858 putrescam.
1260 772 1283 802 '
1353 773 1579 839 Kanus
1616 771 1848 858 Iulius,
1890 773 1991 839 vir
2025 774 2322 859 inprimis
2359 791 2395 839 4

269 885 573 951 magnus,
609 862 792 929 cuius
831 862 1242 944 admirationi
1277 885 1361 928 ne
1396 863 1523 929 hoc
1561 863 1820 947 quidem
1857 866 2103 949 opstat,
2148 864 2323 948 quod

266 957 492 1019 nostro
563 954 819 1018 saeculo
887 956 1079 1017 natus
1149 956 1276 1037 est,
1344 973 1493 1018 cum
1554 949 1714 1018 Gaio
1785 952 1897 1018 diu
1958 954 2321 1037 altercatus,

268 1048 616 1127 postquam
672 1042 937 1107 abeunti
981 1040 1275 1108 Phalaris
1320 1042 1433 1107 ille
1480 1042 1669 1107 dixit.
1731 1042 1842 1107 ‘ne
1886 1042 2055 1107 forte
2100 1042 2323 1128 inepta

267 1154 382 1217 spe
427 1132 549 1197 tibi
595 1131 970 1215 blandiaris,
1018 1132 1166 1197 duci
1193 1136 1259 1197 te
1296 1130 1489 1197 iussi'
1488 1180 1508 1215 ,
1554 1130 1861 1218 gratias'
1896 1132 2166 1216 inquit‘
2178 1154 2322 1218 ago,

267 1222 515 1307 optime
573 1219 916 1306 princeps?
1017 1220 1173 1305 quid
1239 1220 1511 1287 senserit
1569 1220 1823 1305 dubito,
1884 1223 2091 1286 multa
2150 1223 2322 1286 enim
2359 1237 2393 1287 5

268 1312 430 1377 mihi
477 1317 852 1377 occurrunt:
899 1310 1405 1377 contumeliosus
1444 1331 1583 1377 esse
1618 1310 1830 1376 voluit
1866 1314 1931 1377 et
1969 1310 2322 1395 ostendere,

269 1404 512 1486 quanta
558 1400 902 1468 crudelitas
949 1403 1142 1484 esset,
1198 1401 1267 1465 in
1316 1422 1444 1485 qua
1488 1422 1664 1465 mors
1711 1400 2097 1466 beneficium
2143 1400 2324 1466 erat‘?

265 1514 352 1555 an
411 1490 826 1576 exprobravit
883 1489 982 1553 illi
1041 1490 1431 1555 cotidianam
1488 1490 1922 1555 dementiam?
2011 1488 2324 1577 (agebant

266 1580 440 1645 enim
498 1579 738 1666 gratias
799 1583 866 1645 et
912 1600 1189 1663 quorum
1234 1578 1425 1645 liberi
1471 1579 1670 1645 occisi
1715 1583 1781 1644 et
1826 1600 2103 1664 quorum
2150 1579 2323 1645 bona

266 1669 481 1734 ablata
527 1666 739 1756 erant)
785 1691 871 1733 an
912 1672 1248 1753 tamquam
1294 1668 1661 1735 libertatem
1706 1668 1985 1734 libenter
2030 1668 2322 1754 accepit?

267 1758 579 1843 quicquid
618 1762 764 1841 est,
822 1778 1059 1843 magno
1121 1756 1339 1823 animo
1400 1758 1751 1843 respondit.
1843 1758 2015 1824 dicet
2058 1758 2321 1842 aliquis:
2360 1773 2391 1822 s

267 1848 515 1933 ‘potuit
550 1851 702 1933 post
735 1847 863 1915 hoc
897 1847 1116 1916 iubere
1155 1848 1341 1913 illum
1378 1844 1575 1914 Graius
1612 1847 1844 1914 vivere.
1847 1846 1869 1877 '
1939 1869 2073 1913 non
2100 1847 2323 1914 timuit

266 1939 394 2004 hoc
453 1936 692 2021 Canus3
760 1941 918 2002 nota
989 1941 1125 2002 erat
1185 1934 1305 2003 Gai
1363 1937 1434 2002 in
1490 1938 1731 2004 talibus
1791 1937 2077 2022 imperiis
2142 1937 2319 2003 fides.

266 2027 554 2130 credisne
628 2027 815 2092 illum
886 2026 1107 2092 decem
1180 2026 1429 2092 medios
1499 2048 1707 2110 usque
1775 2026 1857 2091 ad
1926 2027 2318 2111 supplicium

265 2116 402 2182 dies
461 2115 601 2180 sine
658 2116 794 2180 ulla
853 2115 1287 2181 sollicitudine
1348 2115 1680 2202 exegisse?
1781 2115 2128 2182 verisimile
2186 2137 2322 2181 non

266 2210 394 2289 est,
453 2227 618 2290 quae
663 2204 764 2270 vir
807 2205 918 2270 ille
964 2205 1227 2290 dixerit,
1282 2227 1447 2290 quae
1493 2206 1746 2291 fecerit,
1792 2227 1989 2289 quam
2034 2205 2105 2270 in
2148 2208 2319 2271 tran-

265 2295 470 2379 quillo
516 2294 726 2360 fuerit.
799 2295 1066 2360 ludebat
1109 2295 1523 2379 latrunculis,
1570 2317 1718 2362 cum
1756 2295 2048 2361 centurio
2087 2316 2320 2381 agmen
2359 2311 2391 2360 ’τ

261 2384 700 2470 periturorum
773 2385 1035 2450 trahens
1109 2384 1299 2450 illum
1378 2405 1637 2469 quoque
1712 2385 1980 2450 excitari
2051 2384 2317 2449 iuberet.

261 2477 530 2541 vocatus
574 2474 939 2539 numeravit
985 2473 1266 2540 calculos
1314 2477 1380 2538 et
1425 2474 1632 2540 sodali
1668 2497 1814 2540 suo:
1862 2473 2070 2539 ‘vide'
2105 2474 2321 2558 inquit

264 2564 377 2630 ‘ne
449 2567 600 2648 post
667 2568 946 2630 mortem
1009 2585 1220 2630 meam
1298 2563 1630 2630 mentiaris
1693 2567 1759 2630 te
1821 2562 2105 2648 vicisse'3
2174 2569 2316 2628 tum

263 2675 552 2718 annuens
610 2653 999 2719 centurioni.
1058 2652 1305 2718 ‘testis'
1349 2652 1630 2737 inquit
1644 2653 1769 2719 eris
1814 2675 1946 2718 uno
1982 2675 2098 2723 me
2144 2656 2317 2718 ante-

263 2743 503 2809 cedere.
509 2741 531 2771 '
619 2742 853 2808 lusisse
905 2746 980 2807 tu
1029 2740 1277 2808 Canum
1324 2741 1439 2807 illa
1481 2743 1703 2808 tabula
1748 2741 1983 2828 putas?
2072 2742 2315 2808 inlusit.

262 2831 481 2898 tristes
528 2836 712 2897 erant
756 2829 948 2897 amici
981 2829 1181 2897 talem
1219 2831 1520 2897 amissuri
1555 2832 1793 2897 virum:
1840 2831 2028 2916 ‘quid
2066 2831 2318 2897 maesti'
2354 2847 2388 2895 8

262 2921 478 3006 inquit
525 2921 755 2986 estis?
825 2942 942 2987 vos
991 2920 1299 3006 quaeritis
1338 2943 1422 2986 an
1456 2921 1833 2988 inmortales
1872 2920 2121 2986 animae
2159 2921 2317 3006 sint;

445 3112 483 3168 4
524 3113 778 3186 hemina]
825 3113 949 3170 vide
990 3115 1202 3185 Mayor
1237 3114 1439 3170 Journ.
1484 3115 1553 3182 of
1589 3114 1789 3170 Pha‘lol.
1832 3115 1987 3170 VIII
2029 3117 2115 3170 16.
2153 3117 2263 3169 263
2299 3114 2319 3186 ΙΙ

266 3186 297 3240 7
335 3185 531 3240 Kanus
559 3187 615 3241 A
650 3185 750 3242 hoc
785 3186 927 3252 loco,
961 3186 1059 3240 sed
1092 3185 1254 3251 mfra
1290 3185 1543 3242 omnibus
1570 3185 1703 3241 locis
1728 3202 2059 3255 nomenper
2087 3183 2129 3240 C
2156 3201 2259 3240 scr.
2298 3194 2319 3248 ιι

263 3255 336 3312 15
381 3255 471 3311 illi
508 3258 564 3314 A
613 3256 773 3311 illam
823 3256 990 3312 Gertz
1033 3256 1283 3324 frustra;
1332 3258 1453 3326 (cfr.
1500 3257 1624 3313 Joh.
1656 3257 1871 3312 Muller
1906 3258 2116 3314 Ztsclvr.
2155 3257 2198 3324 f.
2238 3272 2314 3312 oe.

267 3328 414 3398 Gym
414 3347 469 3384 n.
501 3327 858 3392 XXXVIII
887 3331 1030 3383 1887
1057 3343 1119 3398 Ρ.
1145 3328 1277 3399 852)
1314 3325 1335 3401 ΙΙ
1368 3325 1442 3383 25
1477 3325 1700 3384 iuberet
1727 3328 1783 3384 A
1818 3329 1966 3398 quod
2000 3334 2154 3384 teneo
2192 3327 2315 3397 (cfr.

273 3399 636 3456 Waldaestel:
671 3399 740 3456 de
775 3402 1190 3456 enuntiatorum
1215 3399 1600 3470 tmporazimn
1626 3406 1907 3458 structura
1934 3417 2025 3470 αΡ.
2054 3399 2317 3457 Senecam

266 3472 419 3528 Dias.
452 3472 587 3527 Hal.
620 3475 764 3528 1888
788 3487 850 3542 Ρ.
881 3473 973 3542 30)
1009 3469 1170 3526 iubet
1199 3473 1396 3528 Mutet
