2544 3746
271 93 397 160 188
655 89 716 144 L.
746 88 1032 145 ΑΝΝΑΕΙ
1068 66 1398 145 SENECAE
1434 88 1913 145 DIAL.L1B.V1.

266 235 760 301 obdurescerent
813 240 878 300 et
923 235 1116 301 altius
1170 238 1425 300 terrena
1471 236 1881 319 conciperent
1922 236 2184 301 liberati
2226 238 2315 302 le-

265 326 474 391 viores
535 325 615 390 ad
664 325 980 411 originem
1026 346 1209 391 suam
1252 326 1548 390 revolant
1594 329 1659 390 et
1703 324 1955 391 facilius
2004 326 2314 411 quicquid

192 434 223 480 2
247 419 364 504 ‘est
397 414 561 480 illud
599 415 875 480 obsoleti
910 414 1209 498 inlitique
1247 416 1490 479 eluunt.
1564 436 1683 480 nec
1718 436 2029 499 umquam
2057 416 2313 502 magnis

262 505 514 591 ingenis
562 525 708 569 cara
743 505 814 569 in
849 525 1118 589 corpore
1154 526 1338 568 mora
1373 508 1495 569 est:
1542 503 1712 569 exire
1748 508 1942 588 atque
1978 527 2317 590 erumpere

263 594 576 680 gestiunt,
638 614 827 679 aegre
881 594 998 659 has
1054 593 1385 679 angustias
1440 592 1684 677 ferunt,
1736 593 1888 679 vagi
1940 615 2057 678 per
2102 616 2317 678 omne,
2382 616 2408 655 ε

262 683 572 748 sublimes
620 686 684 747 et
721 705 799 747 ex
836 684 968 747 alto
1007 682 1256 748 adsueti
1292 684 1575 748 humana
1612 683 1951 767 despicere.
2026 683 2178 749 inde
2216 689 2317 749 est

263 772 437 856 quod
465 772 700 837 Platon
739 772 1000 837 clamat:
1037 771 1347 856 sapientis
1380 773 1669 837 animum
1696 776 1909 837 totum
1937 772 2007 837 in
2033 778 2313 838 mortem

261 861 653 946 prominere,
685 860 813 927 hoc
839 862 1033 945 velle,
1067 861 1195 927 hoc
1221 861 1548 946 meditari,
1581 862 1705 927 hac
1730 883 1984 946 semper
2010 862 2315 947 cupidine

260 950 415 1015 ferri
459 951 530 1016 in
573 951 892 1016 exteriora
934 951 1320 1016 tendentem.

191 1056 222 1104 3
441 1038 656 1117 Quid?
727 1044 829 1124 tu,
871 1039 1140 1125 Marcia,
1186 1060 1335 1105 cum
1381 1040 1630 1106 videres
1668 1039 1931 1105 senilem
1972 1042 2054 1105 in
2078 1040 2313 1107 iuvene
2354 1062 2406 1101 ιο

259 1128 697 1212 prudentiam,
768 1129 1080 1195 victorem
1150 1130 1441 1195 omnium
1504 1129 1939 1214 voluptatium
2000 1130 2312 1214 animum,

261 1219 701 1303 emendatum,
754 1222 1076 1285 carentem
1123 1219 1310 1302 vitio,
1366 1219 1622 1305 divitias
1670 1219 1807 1284 sine
1852 1219 2151 1303 avaritia,
2196 1220 2311 1285 ho-

259 1329 449 1373 nores
521 1308 660 1373 sine
719 1309 1103 1391 ambitione,
1170 1309 1538 1393 voluptates
1598 1307 1737 1373 sine
1796 1308 2055 1373 luxuria
2118 1309 2311 1394 adpe-

258 1400 534 1481 tentem,
587 1397 698 1462 diu
744 1398 866 1463 tibi
909 1398 1186 1482 putabas
1231 1398 1419 1463 illum
1467 1397 1776 1481 sospitem
1822 1418 2013 1483 posse
2060 1399 2309 1464 contin-

259 1487 454 1572 gere?
535 1486 843 1571 quicquid
889 1487 968 1551 ad
1016 1508 1343 1553 summum
1389 1487 1707 1571 pervenit,
1754 1487 1836 1552 ab
1882 1487 2061 1551 exitu
2106 1509 2311 1572 prope
2352 1508 2403 1547 ιε

259 1579 372 1641 est.
464 1575 657 1661 eripit
702 1598 771 1642 se
816 1576 1152 1660 aufertque
1197 1599 1278 1641 ex
1325 1576 1527 1643 oculis
1573 1576 1859 1661 perfecta
1902 1577 2139 1660 virtus,
2188 1598 2311 1643 nec

259 1666 562 1731 ultimum
607 1670 865 1750 tempus
903 1670 1245 1751 expectant
1283 1688 1447 1751 quae
1483 1666 1553 1729 in
1588 1666 1801 1751 primo
1840 1669 2308 1731 maturuerunt.

187 1770 221 1817 4
258 1755 429 1842 ignis
476 1776 603 1837 quo
641 1754 875 1821 clarior
907 1756 1121 1839 fulsit,
1166 1755 1358 1821 citius
1396 1756 1823 1841 extinguitu13
1870 1754 2157 1821 vivacior
2194 1760 2312 1839 est,

261 1844 372 1930 qui
419 1866 567 1911 cum
611 1845 789 1911 lenta
833 1866 910 1912 ac
955 1844 1206 1912 difficili
1252 1846 1522 1912 materia
1566 1845 1952 1912 commissus
1996 1844 2311 1931 fumoque

259 1935 586 2000 demersus
633 1956 713 2000 ex
757 1935 1017 2000 sordido
1063 1936 1262 2019 lucet3
1318 1935 1541 2000 eadem
1588 1936 1760 2000 enim
1807 1935 2052 2000 detinet
2098 1957 2311 2019 causa,
2348 1955 2403 1996 so

259 2045 422 2108 quae
467 2024 751 2110 maligne
787 2025 929 2089 alit:
975 2024 1067 2090 sic
1103 2024 1365 2111 ingenia
1402 2045 1531 2110 quo
1568 2025 1971 2108 inlustriora,
2013 2025 2312 2091 breviora

259 2117 436 2197 sunt3
472 2136 624 2178 nam
661 2113 773 2180 ubi
813 2115 1209 2180 incremento
1237 2115 1420 2180 locus
1448 2136 1582 2180 non
1609 2118 1726 2198 est,
1759 2114 2011 2179 vicinus
2042 2134 2309 2180 occasus

187 2217 230 2264 5*
260 2206 371 2266 est.
477 2201 798 2268 Fabianus
861 2203 982 2287 ait,
1051 2203 1120 2268 id
1180 2204 1356 2289 quod
1415 2203 1623 2269 nostri
1683 2225 1943 2288 quoque
2006 2207 2309 2288 parentes

257 2290 501 2375 videre,
554 2313 826 2376 puerum
886 2291 1132 2359 Romae
1191 2293 1391 2359 fuisse
1452 2295 1699 2358 statura
1751 2293 2037 2380 ingentis
2092 2293 2219 2358 viri
2245 2293 2311 2376 .†

258 2384 437 2465 ante;
492 2381 601 2446 sed
657 2381 766 2447 hic
811 2381 942 2448 cito
989 2381 1286 2464 decessit,
1344 2385 1410 2448 et
1454 2382 1821 2447 moriturun
1886 2381 2069 2447 brevi
2113 2404 2309 2470 nemo
2344 2401 2397 2442 ιε

256 2491 384 2536 non
426 2470 708 2554 prudens
755 2470 946 2536 dixit:
990 2493 1124 2536 non
1169 2475 1427 2556 poterat
1472 2471 1643 2537 enim
1688 2471 1769 2536 ad
1808 2471 1988 2536 illam
2028 2476 2307 2537 aetatem

258 2559 618 2643 pervenire,
666 2581 860 2644 quam
906 2565 1334 2646 praeceperat.
1429 2562 1521 2626 ita
1567 2564 1691 2625 est:
1738 2560 2049 2626 indicium
2098 2561 2309 2626 immi·

444 2752 472 2806 7
512 2735 679 2808 Plato
713 2755 777 2807 orn
814 2753 1110 2808 Phaedone
1145 2770 1190 2808 c.
1219 2755 1319 2808 IX
1354 2755 1431 2808 in.
1463 2753 1601 2808 ΧΠ
1634 2755 1712 2823 (ρ.
1742 2756 1863 2807 64a
1900 2753 2040 2822 σγα)

434 2893 471 2949 8
499 2895 698 2950 eluunt
728 2894 951 2950 Gronov
979 2895 1164 2950 fluunt
1189 2897 1321 2950 AF
1341 2895 1363 2968 ΙΙ
1397 2895 1433 2949 4
1458 2894 1704 2965 ingeniis
1730 2895 1869 2965 voly.
1894 2894 1903 2966 1
1951 2894 1988 2949 6
2014 2895 2209 2950 indest
2225 2897 2311 2950 A¹

256 2982 392 3022 corr.
421 2968 486 3020 in
512 2966 646 3021 inde
674 2968 760 3021 est
787 2965 873 3021 A²
897 2967 1094 3022 dando
1111 2967 1196 3021 A⁵
1219 2966 1240 3038 Η
1269 2967 1301 3021 7
1329 2968 1568 3021 mortem
1598 2979 1633 3020 ς
1666 2967 1849 3020 morte
1951 2965 1972 3038 Η
1998 2966 2069 3021 10
2090 2967 2311 3021 uideris

255 3053 392 3092 corr.
422 3039 485 3091 in
520 3053 634 3092 -res
663 3039 815 3092 A¹-²
841 3038 863 3110 ΙΙ
898 3037 969 3092 14
1006 3038 1277 3107 sospitem
1304 3038 1367 3093 F
1395 3044 1461 3092 ut
1494 3038 1630 3108 voly.
1670 3037 1954 3106 hospitem
1982 3038 2038 3091 A
2064 3037 2087 3109 ΙΙ
2122 3038 2197 3093 15
2234 3037 2310 3092 ab

256 3107 410 3161 exitu
457 3109 691 3178 Lipsius
754 3108 828 3162 ad
883 3109 1097 3163 exitum
1143 3110 1274 3164 AF
1331 3108 1405 3162 ad
1461 3110 1674 3162 exitum
1728 3111 2001 3178 properat
2048 3110 2245 3164 Mun-et
2290 3111 2313 3181 Η

254 3177 328 3233 24
377 3181 598 3234 statura
647 3180 896 3250 ingentis
940 3181 1054 3234 uiri
1099 3184 1233 3235 ante
1270 3180 1399 3236 AF
1442 3182 1596 3249 (ante
1642 3182 1813 3236 omitt.
1849 3181 2011 3251 voly.)
2050 3182 2309 3235 staturae

254 3251 530 3320 ingentis,
573 3250 756 3306 virum
803 3251 1193 3308 antecellentis
1239 3251 1413 3308 Gertz·
1454 3254 1677 3306 statura
1720 3251 1943 3322 ingenti
1979 3250 2308 3323 viribusque

254 3322 374 3376 viro
414 3323 846 3378 antecellentem
874 3325 1063 3396 Pauly
1099 3326 1321 3379 statura
1358 3323 1603 3394 ingenti,
1632 3324 1739 3379 viri
1767 3323 1950 3379 instar
1976 3325 2257 3381 Schultess
2286 3324 2309 3396 ΙΙ

255 3390 471 3516 Ξξοὲἓὲ
494 3395 622 3518 (ΞΜ.
652 3396 716 3449 in
754 3395 870 3450 edd.
901 3403 1023 3452 vett.
1054 3413 1218 3451 nemo
1247 3396 1496 3466 prudens
1525 3397 1731 3454 nesciit
1756 3397 2031 3452 Schultess
2064 3397 2086 3469 ss
2120 3397 2192 3453 27
2220 3396 2307 3451 in-
