2544 3746
214 38 302 100 44
621 31 681 86 L.
711 29 996 85 ANNAEI
1033 28 1364 84 SENECAE
1400 29 1591 85 DIAL.
1621 29 1755 84 LIB.
1785 29 1853 85 H.

144 207 170 246 1
391 175 562 242 XIX.
607 175 763 242 Non
807 180 906 242 est
949 177 1019 247 in
1060 177 1269 241 rixam
1306 177 1977 259 conluctationemque
2006 176 2260 241 venien-

213 267 383 332 dum.
474 267 704 352 procul
749 265 1077 330 auferendi
1123 266 1316 349 pedes
1362 269 1512 331 sunt
1558 269 1623 330 et
1674 264 1977 350 quicquid
2026 266 2261 330 horum

212 358 290 422 ab
337 355 825 440 inprudentibus
873 355 985 420 fiet
1030 353 1201 442 (fieri
1237 359 1452 421 autem
1488 355 1615 420 nisi
1652 356 1733 420 ab
1770 353 2259 458 inprudentibus

209 468 343 513 non
386 450 601 531 potest
684 444 1154 531 neglegendum
1201 449 1266 509 et
1311 446 1587 510 honores
1636 444 2032 530 iniuriaeque
2078 445 2261 530 vulgi

211 537 279 600 in
342 536 710 620 promiscuo
775 533 1118 600 habendae.
1211 555 1332 600 nec
1395 535 1497 600 his
1552 533 1899 600 dolendum
1954 557 2073 600 nec
2126 534 2259 598 illis
2326 553 2351 592 ε»

139 647 169 694 2
210 626 646 712 gaudendum.
706 625 952 727 alioqui
1012 625 1219 688 multa
1276 624 1508 688 timore
1566 624 2100 689 contumeliarum
2148 627 2261 688 aut

208 715 419 780 taedio
492 714 850 780 necessaria
921 715 1294 779 omittemus
1366 712 1772 797 publicisque
1844 716 1910 777 et
1990 713 2259 796 privatis

210 803 472 887 officiis,
530 804 876 888 aliquando
937 804 1130 868 etiam
1187 802 1573 868 salutaribus
1638 824 1774 867 non
1834 823 2263 887 occurremus,

209 894 362 958 dum
419 894 750 959 muliebris
804 915 924 958 nos
979 915 1134 958 cura
1178 892 1361 978 angit
1407 892 1653 975 aliquid
1700 896 1927 958 contra
1971 891 2261 957 animum

207 983 522 1048 audiendi.
587 982 932 1066 aliquando
970 983 1163 1047 etiam
1201 982 1436 1046 obirati
1472 983 1843 1066 potentibus
1890 982 2261 1068 detegemus

207 1073 380 1137 hunc
440 1073 739 1138 affectum
800 1072 1255 1155 intemperanti
1308 1071 1619 1135 libertate.
1711 1094 1847 1136 non
1902 1076 1999 1137 est
2044 1074 2261 1136 autem

205 1162 467 1228 libertas
511 1162 680 1226 nihil
716 1162 879 1246 pati,
923 1161 1238 1243 fallimur3
1283 1160 1549 1225 libertas*
1584 1164 1681 1225 est
1718 1161 2005 1224 animum
2044 1182 2261 1246 super-

207 1273 445 1337 ponere
491 1251 740 1317 iniuriis
787 1254 851 1314 et
896 1272 1042 1315 eum
1079 1250 1289 1315 facere
1336 1271 1431 1334 se,
1476 1272 1556 1314 ex
1593 1271 1721 1332 quo
1762 1249 1903 1314 solo
1941 1250 2065 1315 sibi
2106 1273 2263 1336 gau-

208 1340 414 1406 denda
476 1341 764 1423 veniant,
825 1340 1141 1404 exteriora
1204 1339 1502 1405 diducere
1566 1362 1605 1404 a
1660 1361 1754 1423 se,
1826 1360 1907 1402 ne
1969 1339 2263 1423 inquieta

207 1428 454 1514 agenda
499 1429 585 1494 sit
610 1429 747 1493 vita
793 1429 1083 1493 omnium
1120 1430 1287 1494 risus
1298 1479 1316 1512 ,
1364 1430 1653 1494 omnium
1690 1429 1945 1513 linguas
1982 1429 2259 1493 timenti.

208 1518 352 1602 quis
413 1518 586 1582 enim
632 1521 755 1599 est,
815 1519 929 1602 qui
973 1539 1107 1582 non
1152 1519 1361 1602 possit
1406 1518 1862 1582 contumeliam
1918 1516 2155 1599 facere,
2201 1519 2261 1582 si

136 1626 167 1673 3
207 1607 548 1691 quisquam
576 1606 834 1690 potest?
896 1606 1148 1671 diverso
1179 1611 1392 1670 autem
1432 1605 1713 1671 remedio
1751 1609 1969 1670 utetur
2000 1607 2259 1690 sapiens

206 1697 662 1781 affectatorque
708 1696 1072 1779 sapientiae.
1165 1696 1535 1779 inperfectis
1590 1697 1763 1760 enim
1810 1700 1875 1760 et
1919 1695 2130 1760 adhuc
2175 1695 2260 1760 ad

204 1786 537 1870 publicum
596 1808 665 1852 se
723 1785 1034 1850 iudicium
1090 1786 1527 1872 derigentibus
1581 1785 1709 1850 hoc
1760 1784 2259 1869 proponendum

204 1880 300 1941 est
346 1875 514 1940 inter
566 1876 834 1941 iniurias
881 1876 1057 1960 ipsos
1117 1876 1668 1957 contumeliasque
1688 1915 1690 1918 -
1714 1875 1941 1940 debere
1985 1876 2260 1940 versari:

205 1964 423 2029 omnia
484 1964 728 2029 leviora
799 1965 1090 2030 accident
1162 1964 1663 2049 expectantibus.
1775 1986 1904 2049 quo
1981 1964 2257 2048 quisque

201 2054 534 2119 honestior
581 2076 838 2139 genere,
881 2054 1082 2137 fama,
1126 2055 1518 2139 patrimonio
1565 2058 1692 2137 est,
1734 2054 1861 2119 hoc
1906 2076 1974 2119 se
2018 2053 2257 2119 fortius

204 2147 414 2229 gerat,
458 2165 706 2210 memor
750 2144 819 2209 in
854 2144 1064 2227 prima
1100 2145 1236 2209 acie
1271 2144 1437 2209 altos
1477 2144 1732 2209 ordines
1771 2146 1955 2209 stare.
2030 2147 2258 2208 contu-

201 2234 425 2298 melias
486 2236 550 2296 et
596 2234 790 2307 verba
847 2233 1160 2317 probrosa
1219 2237 1285 2298 et
1337 2233 1726 2318 ignominias
1781 2236 1849 2297 et
1892 2236 2106 2299 cetera
2148 2232 2257 2297 de-

200 2322 690 2388 honestamenta
734 2322 912 2387 velut
957 2322 1305 2388 clamorem
1351 2321 1638 2387 hostium
1684 2322 1851 2386 ferat
1896 2326 1961 2387 et
1998 2322 2256 2408 longin-

202 2433 330 2495 qua
375 2411 505 2475 tela
551 2415 616 2475 et
663 2433 816 2476 saxa
861 2412 998 2476 sine
1042 2412 1307 2476 vulnere
1362 2412 1535 2477 circa
1580 2411 1796 2497 galeas
1844 2412 2255 2496 crepitantia3

201 2500 466 2565 iniurias
512 2521 665 2565 vero
711 2503 786 2564 ut
811 2501 1104 2583 vulnera,
1149 2502 1278 2565 alia
1308 2502 1532 2583 armis,
1578 2500 1705 2564 alia
1741 2501 1989 2585 pectori
2035 2500 2256 2583 infixa,

199 2612 333 2654 non
379 2589 690 2674 deiectus,
733 2612 814 2655 ne
861 2594 1075 2655 motus
1124 2589 1383 2675 quidem
1422 2590 1626 2677 gradu
1663 2590 1991 2658 sustineat.
2056 2590 2250 2655 etiam

201 2680 257 2744 si
313 2680 622 2764 premeris
682 2684 747 2745 et
804 2680 1038 2745 infesta
1084 2680 1150 2744 vi
1208 2702 1467 2765 urgere,
1524 2679 1745 2745 cedere
1798 2683 2017 2745 tamen
2061 2683 2252 2764 turpe

199 2771 322 2835 est:
383 2768 792 2854 adsignatum
850 2791 890 2833 a
931 2772 1162 2833 natura
1217 2771 1437 2834 locum
1496 2772 1690 2841 tuere.
1785 2770 2037 2853 quaeris
2103 2770 2250 2853 quis

129 2875 162 2922 4
197 2858 306 2922 hic
352 2858 438 2923 sit
480 2857 708 2922 locus?
797 2858 936 2921 viri.
1029 2859 1304 2942 sapienti
1358 2858 1533 2923 aliud
1595 2858 1907 2922 auxilium
1954 2861 2051 2923 est
2095 2858 2251 2923 huic

378 3122 414 3176 5
467 3123 869 3193 impromiscuo
915 3125 971 3179 A
1117 3122 1188 3178 14
1243 3124 1510 3178 diducere
1567 3124 1734 3179 Gertz
1794 3122 2070 3177 deducere
2116 3125 2173 3178 A
2227 3124 2249 3197 'l

199 3193 270 3248 19
306 3193 493 3264 derig-
533 3195 698 3251 Gertz
735 3195 909 3265 dirig-
937 3196 992 3251 A
1093 3194 1164 3249 22
1201 3196 1451 3250 onestior
1477 3197 1533 3251 A
1568 3195 1589 3268 Η
1634 3194 1705 3249 29
1741 3210 1943 3266 urgere
1972 3197 2028 3250 A
2061 3196 2247 3263 forma

198 3283 236 3319 a
279 3264 512 3321 Senecae
561 3284 670 3321 usu
719 3284 754 3320 a
758 3267 906 3321 liena
949 3273 1024 3333 et,
1071 3270 1215 3337 quod
1259 3269 1457 3333 sciam,
1504 3284 1616 3323 uno
1660 3273 1879 3321 tantum
1924 3268 2040 3322 loco
2084 3267 2247 3321 hodie

197 3343 437 3405 recepta,
481 3337 577 3392 sed
614 3354 682 3392 ex
717 3340 856 3392 coni.
922 3337 1171 3393 Pontani
1215 3340 1391 3410 (epist.
1422 3355 1482 3408 p.
1516 3343 1638 3407 131,
1655 3342 1731 3394 26
1767 3338 1976 3409 Hense)
2022 3338 2245 3409 urgeris

197 3408 335 3477 woly.
366 3424 490 3461 cum
525 3420 560 3461 ς
593 3408 615 3481 ΙΙ
649 3408 727 3463 30
763 3410 951 3478 queris
981 3411 1035 3463 A

2301 1005 2357 1042 10

2284 1445 2353 1488 Δ15

2296 2342 2352 2382 25

2292 2789 2351 2829 30
