2544 3746
223 100 355 167 362
599 97 660 154 L.
690 96 976 151 ANNAEI
1013 94 1344 151 SENECAE
1380 94 1571 151 DIAL.
1600 94 1735 151 LIB.
1764 93 1883 151 XII.

221 244 351 309 nisi
412 244 714 327 voluptas
780 246 846 308 et
907 242 1178 327 inpensa
1237 241 1579 327 pertinuit:
1640 262 1999 326 numquam
2062 242 2277 308 indul·

223 334 442 420 gentia
487 332 570 397 ad
614 331 964 397 utilitatem
1009 332 1310 415 respexit.
1400 352 1537 396 non
1579 334 1766 415 potes
1812 331 2037 415 itaque
2082 354 2161 397 ea
2204 332 2278 397 in

223 426 444 506 erepto
489 422 628 487 filio
675 421 1058 505 desiderare,
1107 442 1269 505 quae
1314 421 1389 485 in
1431 419 1745 485 incolumi
1788 442 2147 506 numquam
2194 421 2276 487 ad

221 516 288 578 te
332 512 653 597 pertinere
699 510 958 577 duxisti.
1324 547 1327 550 ·
2501 546 2502 579 ;

401 617 545 684 XV.
616 616 741 683 Illo
823 616 1034 683 omnis
1107 615 1467 683 consolatio
1540 615 1702 681 mihi
1773 616 2086 683 vertenda
2156 621 2278 701 est,
2341 636 2365 677 5
2501 628 2502 637 ³

222 708 392 774 unde
446 730 599 773 vera
651 707 750 773 vis
795 705 1071 773 materni
1116 705 1358 772 doloris
1404 705 1637 771 oritur:
1693 704 1714 735 ‘
1727 727 1882 793 ergo
1930 706 2277 791 complexu

221 797 319 863 fili
373 796 690 863 carissimi
707 802 717 809 “
735 818 948 881 care03
1001 816 1137 861 non
1183 798 1536 880 conspectu
1580 794 1745 879 eius,
1796 817 1933 861 non
1977 818 2275 863 sermone

222 908 488 973 possum
545 885 704 951 frui!
793 886 907 952 ubi
965 888 1065 951 est
1120 884 1256 969 ille,
1319 905 1449 969 quo
1508 884 1649 950 viso
1707 884 1961 951 tristem
2020 887 2276 952 voltum

220 976 534 1059 relaxavi,
593 976 662 1041 in
722 996 851 1060 quo
912 994 1133 1041 omnes
1195 973 1660 1041 sollicitudines
1720 995 1896 1041 meas
1955 974 2277 1061 deposui?

219 1066 334 1132 ubi
381 1064 753 1149 conloquia,
799 1085 1076 1149 quorum
1118 1063 1531 1148 inexplebilis
1576 1064 1796 1129 eram?
1884 1063 2003 1130 ubi
2038 1064 2276 1149 studia,
2313 1083 2364 1125 ιο

224 1155 456 1241 quibus
499 1153 806 1221 libentius
855 1174 1050 1237 quam
1093 1151 1363 1235 femina,
1405 1152 1789 1219 familiarius
1835 1174 2031 1237 quam
2066 1158 2277 1219 mater

222 1243 608 1311 intereram?
697 1243 810 1309 ubi
851 1244 962 1310 ille
1009 1242 1360 1309 occursus?
1446 1240 1561 1307 ubi
1603 1247 1808 1309 matre
1842 1242 1985 1308 visa
2020 1264 2277 1328 semper

222 1334 489 1419 puerilis
524 1332 893 1400 hilaritas?
983 1331 1184 1398 adicis
1221 1332 1361 1397 istis
1398 1331 1546 1397 loca
1564 1331 1723 1417 ,ipsa
1759 1330 2275 1419 gratulationum

223 1427 288 1489 et
333 1422 746 1494 convictuum
796 1426 887 1505 et,
930 1425 1006 1486 ut
1049 1441 1309 1488 necesse
1355 1424 1482 1505 est,
1526 1420 2013 1487 efficacissimas·
2049 1420 2134 1487 ad
2168 1443 2277 1487 ve-

222 1511 468 1577 xandos
515 1511 764 1577 animos
801 1509 1076 1577 recentis
1114 1510 1623 1576 conversationis
1658 1513 1866 1577 notas.
1954 1532 2110 1576 nam
2144 1510 2276 1577 hoc
2310 1528 2361 1569 1⁶

224 1620 480 1685 quoque
525 1600 829 1665 adversus
871 1604 940 1666 te
983 1598 1329 1665 crudeliter
1362 1599 1626 1665 fortuna
1660 1598 1891 1665 molita
1925 1604 2051 1684 est,
2096 1600 2274 1685 quod

221 1693 287 1755 te
333 1694 482 1760 ante
525 1688 792 1755 tertium
835 1689 1095 1755 demum
1140 1687 1311 1755 diem
1347 1709 1552 1772 quam
1587 1689 1922 1774 perculsus
1958 1709 2105 1754 sum
2111 1738 2134 1774 ,
2178 1711 2276 1756 se-

100 1789 105 1797 '
222 1800 442 1847 curam
500 1799 622 1845 nec
681 1780 1026 1863 quicquam
1083 1778 1212 1843 tale
1271 1781 1664 1844 metuentem
1728 1777 1979 1864 digredi
2042 1778 2273 1845 voluit.

222 1869 386 1936 bene
430 1890 552 1937 nos
583 1861 1040 1955 'longinquitas
1083 1866 1378 1934 locorum
1423 1866 1756 1953 diviserat,
1808 1866 1974 1940 bene
2018 1866 2277 1954 aliquot

223 1981 542 2025 annorum
588 1957 880 2024 absentia
922 1957 1076 2023 huic
1121 1961 1186 2023 te
1230 1958 1403 2023 malo
1449 1960 1971 2043 praeparaverat:
2024 1958 2276 2042 redisti,
2309 1975 2358 2016 πο

221 2070 358 2115 non
401 2052 476 2114 ut
513 2048 922 2134 ‚voluptatem
968 2069 1049 2114 ex
1092 2047 1240 2112 filio
1276 2046 1667 2133 perciperes,
1726 2046 1840 2112 sed
1883 2051 1960 2113 ut
2004 2067 2274 2113 consue·

223 2137 512 2203 tudinem
585 2136 882 2212 desiderii
951 2135 1266 2222 perderes.
1360 2135 1417 2202 si
1488 2137 1694 2202 multo
1768 2138 1919 2202 ante
1980 2136 2278 2222 afuisses,
2392 2171 2399 2178 .
2501 2103 2502 2156 3

221 2226 454 2293 fortius
499 2226 756 2292 tulisses
803 2227 947 2312 ipso
996 2227 1337 2292 intervallo
1386 2225 1773 2292 desiderium
1808 2225 2171 2310 molliente3
2218 2226 2275 2293 si

222 2339 357 2383 non
408 2316 806 2402 recessisses,
859 2317 1162 2382 ultimum
1215 2319 1388 2383 certe
1441 2313 1725 2382 fructum
1778 2314 1978 2381 biduo
2025 2314 2273 2382 diutius

222 2405 482 2472 videndi
539 2405 748 2471 filium
803 2405 1090 2471 tulisses:
1147 2427 1323 2471 nunc
1377 2403 1632 2471 crudele
1686 2405 1895 2471 fatum
1949 2405 2044 2470 ita
2098 2425 2275 2470 com-
2308 2421 2359 2464 ιε

222 2494 472 2581 posuit,
523 2497 599 2559 ut
649 2516 770 2560 nec
822 2494 1122 2560 fortunae
1167 2496 1347 2561 meae
1391 2493 1730 2562 interesses
1775 2503 1898 2560 nec'
1942 2493 2275 2566 absentiae

223 2584 646 2652 adsuesceres.
722 2583 835 2650 sed
880 2587 1122 2668 quanto
1167 2583 1294 2650 ista
1330 2583 1592 2650 duriora
1625 2589 1806 2668 sunt,
1842 2587 2029 2649 tanto
2064 2584 2276 2655 maior

219 2672 345 2739 tibi
398 2672 602 2740 virtus
659 2672 1032 2740 advocanda
1085 2676 1184 2738 est
1227 2679 1296 2740 et
1339 2673 1520 2739 velut
1564 2695 1711 2740 cum
1754 2673 1944 2739 hoste
1968 2677 2149 2743 noto
2196 2695 2275 2740 ac

223 2785 412 2848 saepe
475 2763 604 2829 iam
667 2762 842 2828 victo
905 2762 1115 2828 acrius
1180 2761 1745 2849 congrediendum.
1833 2783 1969 2832 non
2030 2784 2115 2830 ex
2176 2762 2276 2827 in·

399 2971 432 3028 1
469 2975 574 3026 tua
599 2977 729 3042 post
763 2971 1124 3042 indulgentia
1159 2971 1290 3032 add.
1320 2972 1509 3042 Pauly
1534 2971 1556 3045 ΙΙ
1588 2971 1627 3026 2
1660 2971 1871 3045 potesll
1889 2972 1945 3028 A
1982 2973 2032 3043 (t
2058 2973 2227 3042 eras.)
2267 2972 2277 3045 Ι

217 3043 256 3098 8
297 3043 361 3098 in
404 3043 534 3116 add.
580 3043 775 3099 Haase
824 3043 945 3113 (cfr.
990 3043 1154 3099 Gertz
1198 3043 1277 3098 ad
1321 3043 1413 3099 lib.
1452 3043 1518 3098 de
1562 3044 1679 3100 ben.
1719 3045 1762 3099 I
1792 3048 1877 3111 11,
1910 3048 1948 3108 4
1990 3060 2066 3114 p„
2086 3045 2217 3114 199)

221 3113 356 3168 adte
399 3130 538 3170 corr.
579 3125 649 3169 ex
698 3115 818 3169 atte
861 3115 991 3183 fort.
1029 3114 1113 3171 A²
1158 3114 1182 3188 11
1232 3115 1262 3169 7
1301 3113 1385 3169 fili
1420 3113 1981 3189 con-.v>nfi1iiA⁸u
2029 3113 2103 3172 1⁰
2138 3115 2275 3171 inex

219 3182 542 3255 pleblebilis
566 3185 627 3241 A
661 3201 800 3242 corr.
837 3185 966 3253 fort.
1003 3203 1074 3242 m.
1113 3191 1145 3241 1
1193 3185 1216 3258 ΙΙ
1261 3184 1335 3241 12
1378 3185 1479 3240 ille
1514 3188 1573 3243 A
1610 3186 1702 3242 illi
1741 3186 1933 3256 Gom,
1967 3186 2099 3255 fort.
2129 3193 2275 3244 recte

220 3257 322 3339 effi.
359 3272 422 3326 p.
461 3259 586 3322 158,
614 3260 686 3311 18
733 3256 839 3311 filii
875 3257 1193 3312 Feldnmn
1247 3256 1254 3328 Ι
1308 3256 1527 3330 matlsre
1562 3260 1621 3315 A
1667 3257 1693 3342 ΙΙ
1736 3256 1810 3314 14
1844 3259 1904 3314 et
1935 3259 2007 3313 ut
2040 3260 2099 3315 A
2132 3261 2203 3314 ut
2237 3271 2275 3314 s·

222 3341 369 3393 eius,
413 3328 481 3380 ut
527 3327 693 3383 Gertz
740 3327 762 3400 ΙΙ
809 3326 881 3383 18
923 3327 1042 3383 tale
1085 3329 1355 3384 habuerat
1389 3329 1475 3385 A¹
1512 3329 1608 3384 sed
1647 3331 1746 3385 lm.
1784 3346 1924 3386 eras.
2046 3328 2274 3401 digredi

223 3397 417 3452 Haase
455 3397 532 3480 ad
565 3397 752 3498 gai-A
785 3396 806 3470 ΙΙ
839 3397 912 3453 22
948 3401 1121 3455 antea
1155 3399 1359 3456 fuisses
1387 3401 1442 3454 A
1480 3416 1619 3456 corr.
1660 3401 1869 3458 Gruter
1907 3399 1930 3474 ΙΙ
2082 3401 2273 3458 molli·

223 3466 370 3520 ente.
427 3481 476 3520 si
502 3466 560 3522 A
623 3468 694 3537 (si
727 3471 794 3526 im
826 3486 936 3525 rae.
967 3471 1214 3541 minore).
1233 3470 1554 3528 mollientes
1582 3472 1668 3527 A¹
1700 3479 1768 3530 ut
1800 3472 1911 3529 vid.
