2544 3746
197 1080 252 1121 10

195 1523 248 1563 15

191 1967 248 2007 20

189 2413 245 2454 25

295 96 399 151 AD
425 94 777 152 SERENVM
794 96 894 151 DE
915 95 1560 162 TRANQVILLITATE
1576 80 1793 151 mm
1818 95 2158 169 cAP.1e.1-1
2208 100 2341 166 275

293 242 469 327 quod
514 246 617 307 tot
660 242 859 307 clavis
906 243 1283 328 configitur,
1329 246 1441 306 aut
1479 240 1814 329 Catonem,
1860 244 2034 327 quod
2078 244 2344 309 volnera

289 330 570 401 vomerat
631 329 791 397 sua?
893 352 1114 396 omnes
1169 332 1281 397 isti
1337 330 1472 395 levi
1525 332 1837 416 temporis
1897 332 2198 417 impensa
2248 333 2342 397 in·

292 423 634 503 venerunt,
697 420 1022 504 quomodo
1089 420 1333 485 aeterni
1395 420 1650 505 fierent,
1714 424 1779 485 et
1843 418 1949 487 ad'
1986 420 2342 487 inmortali-

290 512 494 574 tatem
539 508 870 574 moriendo
917 513 1247 575 venerunt.

470 612 678 680 XVII.
749 614 872 679 Est
935 618 1001 679 et
1062 614 1177 679 illa
1238 615 1749 681 sollicitudinum
1806 636 1941 681 non
1999 614 2339 681 mediocris

289 704 590 786 materia,
651 704 708 767 si
770 708 836 768 te
899 703 1087 769 anxie
1151 724 1499 788 componas
1562 726 1683 769 nec
1744 704 1897 769 ullis
1962 703 2341 787 simpliciter

289 793 616 875 ostendas,
675 792 883 876 qualis
929 794 1285 858 multorum
1329 794 1465 857 vita
1510 798 1631 876 est,
1688 792 1868 876 ficta,
1922 792 2341 857 ostentationi

289 885 541 966 parata3
585 884 848 965 torquet
882 882 1056 947 enim
1092 881 1361 947 adsidua
1398 881 1758 947 observatio
1788 882 1891 946 sui
1927 885 1994 945 et
2013 881 2338 965 deprendi

287 970 478 1035 aliter
537 992 613 1035 ac
677 971 844 1035 solet
901 970 1146 1035 metuit.
1245 992 1368 1035 nec
1426 992 1733 1054 umquam
1793 992 1948 1037 cura
2008 971 2337 1053 solvimur,

285 1059 402 1124 ubi
437 1060 676 1125 totiens
711 1081 833 1125 nos
872 1059 1207 1124 aestimari.
1229 1063 1534 1143 putamus
1572 1060 1871 1144 quotiens
1910 1059 2143 1143 aspici3
2186 1080 2339 1123 nam

287 1152 356 1213 et
399 1149 606 1212 multa
651 1148 972 1231 incidunt,
1026 1169 1189 1232 quae
1235 1149 1477 1219 invitos
1524 1147 1876 1231 denudent,
1918 1151 2009 1231 et,
2054 1150 2131 1212 ut
2175 1147 2338 1212 bene

287 1236 473 1301 cedat
534 1239 718 1301 tanta
781 1236 882 1301 sui
945 1236 1344 1323 diligentia,
1381 1258 1515 1301 non
1578 1240 1795 1301 tamen
1853 1235 2139 1323 iucunda
2200 1237 2338 1300 vita

287 1328 401 1389 aut
446 1345 671 1390 secura
715 1329 814 1390 est
859 1347 1112 1409 semper
1155 1325 1277 1391 sub
1323 1346 1601 1409 persona
1643 1325 2017 1390 viventium.
2112 1327 2181 1388 at
2222 1325 2338 1389 illa

287 1418 604 1497 quantum
666 1414 864 1483 habat
922 1414 1275 1498 voluptatis
1337 1415 1585 1479 sincera
1643 1417 1707 1478 et
1766 1436 1883 1497 per
1926 1435 1994 1479 se
2039 1412 2338 1479 inornata

285 1502 694 1587 simplicitas,
738 1504 907 1568 nihil
952 1502 1305 1569 obtendens
1353 1504 1637 1567 moribus
1675 1504 1836 1568 suis!
1910 1502 2086 1567 subit
2120 1506 2337 1566 tamen

286 1594 353 1655 et
396 1591 555 1658 haec
601 1593 736 1658 vita
781 1595 1188 1677 contemptus
1233 1592 1623 1676 periculum,
1667 1591 1725 1656 si
1770 1591 1989 1656 omnia
2034 1590 2334 1655 omnibus

283 1683 538 1764 patent3
610 1684 765 1746 sunt
836 1682 1008 1746 enim
1081 1681 1194 1765 qui
1265 1680 1602 1746 fastidiant
1682 1680 1992 1764 quicquid
2065 1678 2333 1764 propius

285 1768 599 1834 adierunt.
699 1770 812 1835 sed
868 1791 989 1836 nec
1046 1769 1276 1835 virtuti
1334 1770 1694 1854 periculum
1754 1771 1878 1852 est,
1934 1790 2016 1834 ne
2076 1768 2336 1832 admota

287 1857 492 1924 oculis
552 1858 920 1944 revilescat,
983 1863 1047 1924 et
1106 1858 1308 1926 satius
1368 1862 1467 1924 est
1530 1857 1943 1943 simplicitate
2006 1856 2335 1924 contemni

283 1951 870 2103 §efffflssssffiss-
911 1947 2336 2120 ffifflffioeffiffiuffimssfflffissmffi

853 2085 870 2100 ⁶
1530 2087 1550 2121 5

283 2123 718 2210 neglegenter.
808 2126 1088 2191 multum
1147 2131 1213 2191 et
1269 2125 1341 2190 in
1399 2149 1467 2191 se
1522 2125 1949 2192 recedendum
2003 2128 2128 2208 est3
2183 2144 2331 2189 con·
2369 2137 2402 2186 3

283 2213 562 2279 versatio
610 2214 782 2279 enim
827 2213 1259 2280 dissimilium.
1282 2215 1444 2280 bene
1491 2215 1852 2298 composita
1896 2212 2221 2278 disturbat
2264 2216 2329 2277 et

282 2306 566 2370 renovat,
607 2302 895 2368 adfectus
952 2307 1017 2368 et
1063 2304 1372 2388 quicquid
1416 2303 1788 2369 inbecillum
1833 2303 1906 2367 in
1950 2302 2165 2366 animo
2210 2322 2331 2367 nec

281 2394 694 2475 percuratum
767 2396 868 2457 est
939 2393 1279 2458 exulcerat.
1383 2391 1711 2458 miscenda
1780 2394 2000 2457 tamen
2069 2389 2195 2454 ista
2267 2393 2333 2454 et

283 2480 660 2545 alternanda
696 2483 875 2564 sunt,
919 2481 1200 2547 solitudo
1239 2484 1305 2546 et
1340 2481 1729 2564 frequentia:
1763 2480 1879 2545 illa
1912 2478 2099 2544 nobis
2137 2477 2333 2544 faciet

282 2568 623 2634 hominum
659 2569 1072 2656 desiderium,
1108 2569 1268 2636 haec
1304 2570 1540 2652 nostri,
1576 2573 1641 2634 et
1677 2568 1798 2634 erit
1834 2570 2039 2633 altera
2063 2567 2327 2632 alterius

281 2657 667 2742 remedium3
740 2658 959 2724 odium
1032 2659 1260 2724 turbae
1335 2657 1589 2724 sanabit
1660 2657 1972 2741 solitudo,
2043 2655 2328 2721 taedium

284 2745 650 2812 solitudinis
705 2749 910 2813 turba.
1001 2769 1122 2814 nec
1174 2747 1245 2813 in
1299 2747 1521 2813 eadem
1574 2746 1933 2812 intentione
1978 2744 2329 2830 aequaliter
2364 2757 2399 2804 4

460 2956 498 3010 2
540 2957 796 3013 volnerat
848 2959 978 3012 add.
1026 2959 1310 3014 Rossbach
1358 2959 1477 3014 coll.
1520 2959 1654 3013 dial.
1698 2960 1737 3013 1
1773 2961 1828 3024 4,
1856 2961 1923 3011 11
1972 2961 2107 3012 extr.
2154 2956 2329 3010 iterat

284 3027 480 3082 Haase
505 3045 630 3084 own
657 3041 692 3082 ς
726 3028 952 3084 fortiter
980 3029 1117 3084 tulit
1139 3029 1224 3085 A⁶
1249 3031 1313 3084 in
1339 3046 1509 3100 maro.
1539 3029 1839 3098 adscripsit
1919 3028 2061 3081 omis
2097 3027 2195 3080 isti
2222 3026 2280 3080 A

281 3097 318 3152 6
368 3114 473 3152 nec
516 3098 670 3160 uillis
713 3102 769 3154 A
829 3100 838 3172 Ι
888 3099 924 3154 9
968 3101 1174 3156 metuit
1214 3102 1270 3156 A
1320 3103 1571 3155 metuere
1616 3099 1776 3154 malit
1876 3104 2017 3166 ertu
2060 3099 2161 3165 cfr.
2213 3097 2267 3152 U

282 3175 486 3238 quaest.
530 3173 649 3227 crit.
691 3173 756 3225 in
840 3212 852 3225 .
890 3172 1024 3227 dial.
1063 3173 1218 3227 Dies.
1248 3173 1539 3242 Aryentor.
1582 3175 1724 3226 1889
1760 3188 1819 3240 p.
1851 3173 1922 3225 43
1971 3168 1993 3242 ΙΙ
2047 3167 2120 3223 14
2161 3183 2328 3238 perse

280 3242 546 3296 inornata
581 3243 637 3296 A
687 3258 790 3311 per
835 3259 896 3296 se
942 3245 1142 3297 ornata.
1177 3255 1213 3298 ς
1257 3249 1307 3298 et
1351 3243 1488 3313 voly.
1534 3258 1763 3312 prorsus
1803 3241 2069 3296 inornata
2110 3239 2271 3295 Gertz
2304 3239 2328 3310 ΙΙ

282 3311 354 3365 15
392 3311 702 3368 obtendens
739 3331 912 3384 mam.
942 3316 1066 3369 edit.
1097 3314 1351 3370 Erotem.²
1377 3321 1428 3368 et
1452 3315 1590 3384 volq.
1621 3312 1907 3385 obedilens
1935 3314 1992 3367 A
2018 3310 2041 3384 ΙΙ
2070 3310 2141 3366 18
2170 3309 2323 3364 adie-

281 3385 416 3437 runt
450 3385 586 3455 volq.
627 3385 930 3440 audierunt
956 3387 1012 3440 A
1047 3384 1311 3440 viderunt
1342 3385 1505 3440 Gertz
1537 3385 1558 3457 ΙΙ
1601 3384 1673 3439 22
1709 3382 2086 3440 recedendum
2114 3397 2148 3441 ς
2184 3381 2325 3434 reci-

284 3453 530 3508 dendum
560 3456 617 3511 A
651 3455 673 3528 ΙΙ
707 3455 780 3510 26
817 3458 949 3511 sunt
983 3457 1119 3528 volq.
1160 3456 1276 3511 sint
1303 3458 1359 3510 A
1395 3457 1416 3529 ΙΙ
1450 3455 1519 3511 27
1560 3455 1741 3511 altera
1770 3468 1805 3509 ς
1840 3453 2008 3509 alteri
2034 3454 2090 3508 A

1788 3543 1893 3616 18*
