2544 3746
117 203 145 251 1

185 43 226 106 6
605 39 666 93 L.
696 37 983 94 ANNAEI
1017 35 1351 92 SENECAE
1386 35 1579 92 DIAI..
1608 35 1745 92 LIB.
1772 36 1815 93 Ι.

366 183 480 250 ΙΠ.
518 183 647 251 Sed
692 184 823 249 iam
867 183 1257 268 procedente
1294 183 1586 249 oratione
1624 183 1991 266 ostendam,
2036 203 2232 268 quam

185 296 319 340 non
383 274 515 340 sint
579 295 744 358 quae
801 273 1104 339 videntur
1162 274 1363 338 mala:
1420 292 1596 337 nunc
1654 271 1817 337 illud
1878 271 2049 356 dico,
2107 273 2237 338 ista

187 385 352 449 quae
414 368 490 430 tu
542 384 737 429 vocas
796 384 1050 448 aspera,
1113 384 1278 447 quae
1339 361 1607 427 adversa
1664 365 1733 427 et
1784 360 2237 466 abominanda,

186 452 468 538 primum
498 472 617 537 pro
655 452 814 538 ipsis
852 473 992 518 esse
1030 452 1266 536 quibus
1306 450 1636 535 accidunt,
1671 450 1902 518 deinde
1937 472 2056 536 pro
2093 451 2237 516 uni-

188 543 420 625 versis,
475 563 751 626 quorum
802 541 1009 607 maior
1053 541 1176 606 diis
1223 562 1380 606 cura
1425 562 1619 625 quam
1666 540 2072 627 singulorum
2118 544 2238 625 est,
2302 561 2328 602 ε

187 635 340 716 post
393 631 519 697 hoc
565 630 933 696 volentibus
980 629 1268 696 accidere
1313 651 1390 695 ac
1434 629 1667 732 dignos
1722 631 1896 696 malo
1954 650 2122 715 6666,
2180 631 2255 695 ei·

186 721 417 787 nolint.
518 720 620 786 1116
685 719 957 787 adiciam
1015 719 1152 785 fato
1217 719 1345 784 ista
1403 719 1497 785 616
1555 719 1649 784 ire
1704 722 1771 784 et
1824 719 2047 785 eadem
2091 720 2238 806 1686

187 810 376 876 bonis
428 809 683 876 evenire
731 831 859 894 qua
873 813 1058 875 -sunt
1102 808 1277 874 boni.
1368 807 1770 893 persuadebo
1817 808 2046 874 deinde
2091 808 2241 893 tibi,

101 915 116 990 J
187 922 270 966 ne
328 920 617 984 unquam
678 898 835 969 boni
893 898 1018 963 viri
1077 897 1468 982 miserearis3
1531 901 1750 983 potest
1808 897 1981 964 enim
2041 898 2240 965 miser

190 989 345 1072 dici,
388 1009 522 1055 non
566 991 785 1073 potest
829 1009 984 1054 esse.
2276 1010 2333 1049 ιο

368 1076 846 1143 Difficillimum
907 1099 988 1143 ex
1042 1076 1343 1142 omnibus
1404 1098 1570 1161 quae
1626 1076 1939 1161 proposui
1982 1076 2241 1142 videtur

193 1167 364 1251 quod
422 1167 707 1252 primum
767 1166 929 1251 dixi,
1003 1188 1122 1252 pro
1192 1166 1351 1251 ipsis
1412 1186 1553 1232 6666
1622 1164 1859 1269 quibus
1934 1167 2241 1232 eveniunt

189 1256 316 1322 ista
363 1278 528 1340 quae
574 1256 937 1324 horremus
951 1277 1026 1321 ac
1061 1255 1417 1321 tremimus.
1485 1254 1629 1340 pro
1666 1255 1826 1339 ipsis
1864 1255 1987 1322 est'
2022 1256 2239 1340 inquis

192 1345 283 1409 in
337 1345 602 1410 exilium
656 1345 889 1430 proici,
943 1345 1014 1410 in
1079 1348 1433 1432 egestatem
1480 1344 1739 1428 deduci,
1796 1344 2035 1411 liberos
2091 1367 2241 1411 con·

191 1433 1943 1626 ffageimpss⁰f31¹5330¹ge¹23fflffrfflss3333}ssss
1986 1433 2241 1610 3²33:
2280 1455 2334 1495 ¹⁵

193 1613 405 1678 curari
457 1633 577 1679 nec
637 1613 851 1677 minus
897 1612 1068 1678 fame
1115 1635 1190 1678 66
1236 1612 1362 1677 siti.
1456 1611 1568 1677 sed
1614 1612 1671 1677 si
1717 1612 2103 1698 cogitaveris
2148 1617 2241 1678 te·

193 1723 342 1767 cum
397 1701 666 1768 remedii
717 1723 909 1768 661166
963 1701 1352 1785 quibusdam
1398 1705 1465 1766 et
1508 1700 1648 1766 radi
1697 1722 1843 1766 ossa
1888 1704 1955 1766 et
1996 1703 2130 1788 legi
2176 1705 2245 1768 et

195 1791 445 1857 extrahi
487 1812 682 1856 venas
730 1795 797 1857 et
841 1790 1157 1876 quaedam
1202 1791 1528 1877 amputari
1572 1790 1864 1856 membra
1901 1800 2065 1875 qua'e
2103 1791 2242 1856 sine

193 1882 397 1949 totius
434 1881 718 1983 pernicie
755 1882 1042 1965 corporis
1080 1883 1345 1947 haerere
1379 1903 1515 1946 non
1549 1884 1879 1965 poterant,
1922 1880 2050 1947 1166
2086 1902 2245 1965 quo·
2281 1902 2340 1941 20

195 1987 321 2055 que
364 1966 628 2056 patieris
673 1970 936 2056 probari
989 1970 1112 2036 tibi
1173 1969 1489 2055 quaedam
1543 1970 1957 2036 incommoda
2010 1992 2130 2055 pro
2186 1970 2244 2035 is

197 2081 334 2125 6666
383 2059 618 2144 quibus
663 2060 992 2143 accidunt,
1037 2064 1172 2125 tam
1219 2082 1325 2125 me
1359 2059 1654 2131 hercules
1694 2081 1890 2143 quam
1929 2059 2245 2143 quaedam

199 2171 363 2234 quae
406 2150 756 2223 laudantur
801 2155 994 2233 atque
1033 2152 1429 2235 appetuntur
1475 2152 1702 2214 contra
1746 2170 1857 2215 666
1904 2170 2043 2215 6666
2081 2170 2245 2233 quos

197 2240 706 2323 delectaverunt,
752 2239 1084 2305 simillima
1127 2237 1555 2305 cruditatibus
1594 2237 2143 2324 ebrietatibusque
2179 2242 2248 2305 et

199 2328 426 2395 ceteris
475 2334 638 2414 quae
683 2333 919 2395 necant
962 2351 1081 2414 per
1114 2330 1538 2414 voluptatem.
1601 2328 1774 2394 inter
1815 2330 2026 2395 multa
2070 2350 2250 2415 mag·
2286 2349 2345 2390 85

114 2486 116 2488 ,
197 2415 391 2484 611166
435 2417 725 2483 Demetri
783 2418 991 2483 nostri
1052 2421 1118 2484 et
1161 2416 1325 2483 haec
1384 2439 1514 2482 vox
1559 2421 1689 2501 est,
1750 2439 1790 2482 a
1836 2438 1965 2519 qua
2020 2438 2247 2484 recens

198 2530 369 2591 sum3
431 2510 620 2572 sonat
679 2507 890 2573 adhuc
955 2511 1021 2573 et
1064 2506 1280 2572 vibrat
1338 2506 1407 2573 in
1466 2506 1731 2572 auribus
1792 2506 1981 2573 meis.
2035 2506 2250 2571 ‘nihil’

199 2597 411 2680 inquit
470 2596 657 2662 mihi
711 2597 968 2663 videtur
1005 2574 1347 2662 {nfelicius
1404 2618 1513 2681 eo,
1570 2596 1675 2662 cui
1733 2595 1900 2661 nihil
1958 2617 2251 2700 unquam

199 2686 414 2752 evenit
471 2686 764 2753 adversi?
852 2709 987 2753 non
1043 2686 1230 2752 licuit
1291 2683 1465 2751 enim
1519 2685 1620 2751 1111
1673 2706 1741 2752 66
1788 2685 2081 2770 experiri.
2174 2690 2254 2751 ut

377 2913 414 2967 3
448 2916 614 2970 verba
665 2931 774 2985 que
826 2914 1068 2997 aduersa
1120 2914 1179 2967 et
1231 2912 1655 2967 abhominanda
1697 2930 1800 2969 om
1839 2913 1923 2968 A¹
1967 2916 2033 2968 in
2074 2930 2252 2983 mara.

201 2986 329 3039 add.
369 2984 452 3040 A'
485 2985 506 3058 Η
546 2986 574 3039 7
612 2983 732 3040 fato
771 2986 886 3039 ista
923 2984 1004 3039 sic
1041 2985 1124 3039 ire
1162 2986 1220 3039 et
1248 2985 1490 3055 Madviy
1517 2982 1638 3040 fato
1675 2984 1789 3039 ista
1816 2984 1901 3039 sic
1931 2984 2254 3068 6316611611

200 3055 321 3111 fato
359 3056 471 3111 ista
508 3058 591 3111 sic
626 3055 858 3111 iubente
893 3057 1168 3113 Schultess
1202 3055 1325 3111 fato
1361 3056 1477 3110 ista
1507 3055 1590 3111 616
1618 3057 1677 3111 et
1704 3058 1856 3110 recte
1884 3056 2208 3125 Petschenig
2210 3054 2258 3139 ‚H

202 3126 274 3183 14
299 3128 656 3183 ineiesta'tcm
684 3129 741 3187 A
776 3127 798 3201 ΙΙ
832 3128 904 3182 15
941 3127 1151 3185 ecfierre
1179 3130 1345 3198 Bony
1345 3130 1528 3183 arsiae
1640 3126 1853 3182 cferre
1882 3128 1937 3182 A
1955 3126 1993 3211 Η
2026 3125 2099 3181 18
2128 3126 2257 3210 qui-

201 3198 429 3282 bundas]
467 3200 691 3269 611(ωό
724 3216 837 3255 ras.
876 3202 953 3269 m)
991 3200 1046 3255 A
1101 3199 1122 3272 Η
1176 3199 1248 3253 20
1295 3200 1491 3253 herere
1529 3201 1583 3289 A
1546 3128 1670 3324 Ἐξ
1680 3198 1750 3255 21
1796 3214 1901 3267 pro
1952 3198 2003 3252 is
2053 3199 2257 3266 scripsi

204 3272 327 3336 (pro
363 3287 436 3323 116
474 3202 819 3341 Πῗέςεηόενρ)
849 3286 952 3339 pro
991 3271 1080 3325 his
1109 3271 1165 3325 A
1201 3288 1305 3339 pro
1343 3271 1427 3325 eis
1462 3271 1538 3342 ςΙ
1689 3271 1898 3325 necant
1934 3286 2002 3325 ex
2038 3287 2110 3324 ne
2111 3270 2259 3339 gant

205 3356 343 3395 corr.
386 3340 470 3394 A²
517 3344 722 3395 nocent
773 3343 1004 3397 Wolters
1063 3342 1071 3409 Ι
1124 3342 1480 3410 uoluptatem
1532 3359 1669 3397 σοιν.
1717 3358 1787 3397 ecc
1833 3341 2060 3395 uolunt·
2102 3284 2188 3395 A¹
2232 3340 2259 3413 ss

205 3408 278 3462 28
315 3426 380 3463 eo
417 3427 553 3466 corr.
584 3428 651 3466 ex
688 3412 741 3465 ei
770 3413 887 3467 Al-
901 3416 922 3447 ²
957 3412 978 3483 Η
1013 3412 1084 3466 29
1120 3412 1252 3485 illis]
1284 3416 1330 3487 (s
1368 3415 1467 3469 sub
1504 3417 1638 3483 ras.)
1668 3415 1719 3467 A
