2544 3746
847 87 948 142 DE
981 83 1110 142 mA
1147 85 1281 142 Lm.
1311 86 1355 141 1.
1421 85 1575 142 oAP.
1609 93 1676 142 ιε
2190 92 2276 158 63

232 235 382 302 cula
443 233 706 319 publica
767 237 835 298 et
895 255 1110 300 carcer
1182 233 1603 300 adhibebitur.
1708 232 1831 298 tibi
1902 233 2277 300 insanabilis
2314 255 2347 303 3

233 325 489 389 animus
555 327 618 388 et
683 324 1027 390 sceleribus
1093 324 1333 390 scelera
1391 327 1763 408 contexens,
1828 326 1897 388 et
1952 324 2079 388 iam
2143 344 2278 388 non

233 413 471 497 causis,
519 435 682 498 quae
725 436 1080 498 numquam
1127 415 1299 478 malo
1347 413 1679 478 defuturae
1716 416 1884 496 sunt,
1930 412 2276 497 inpelleris,

235 503 345 567 sed
391 503 548 568 satis
593 503 715 568 tibi
761 507 858 568 est
903 524 1139 588 magna
1183 502 1266 566 ad
1309 501 1705 585 peccandum
1750 522 1943 566 causa
1986 522 2277 586 peccare3

173 613 196 654 5
233 592 572 676 perbibisti
634 592 991 675 nequitiam
1056 594 1119 655 et
1183 591 1276 655 ita
1321 589 1671 655 visceribus
1729 590 2141 674 inmiscuisti,
2206 595 2279 655 ut

232 682 360 748 nisi
406 703 556 746 cum
593 680 753 763 ipsis
801 679 974 744 exire
1008 700 1143 744 non
1180 679 1415 763 possit3
1461 679 1619 745 olim
1654 679 1849 745 miser
1884 679 2053 744 mori
2090 700 2277 763 quae-

232 771 353 836 ris:
412 771 576 834 bene
632 769 710 834 de
760 772 828 834 te
874 768 1285 853 merebimur,
1346 769 1705 835 auferemus
1752 768 1877 833 tibi
1920 768 2112 834 istam
2151 790 2279 853 qua

233 881 454 940 vexas,
499 858 750 923 vexaris
805 858 1122 924 insaniam
1174 863 1244 924 et
1286 880 1403 942 per
1446 861 1559 922 tua
1604 859 1939 942 alienaque
1984 860 2275 923 volutato

235 947 560 1032 supplicia
614 947 683 1013 id
743 948 918 1032 quod.
975 969 1176 1012 unum
1230 947 1353 1011 tibi
1405 947 1649 1012 bonum
1696 950 1987 1047 superest
2028 969 2277 1031 reprae-

146 1060 198 1100 10
228 1036 657 1120 sentabimus,
712 1035 1028 1114 mortem?
1121 1057 1319 1119 quare
1373 1036 1613 1100 irascar
1656 1036 1762 1100 cui
1808 1056 1955 1100 cum
2001 1036 2277 1101 maxime

234 1125 547 1211 prosum?
607 1125 865 1190 interim
913 1124 1231 1209 optimum
1276 1123 1773 1190 misericordiae
1796 1145 2000 1210 genus
2041 1128 2139 1190 est
2175 1145 2277 1190 oc·

235 1215 462 1280 cidere.
538 1215 594 1278 si
639 1216 978 1279 intrassem
1004 1213 1543 1279 valetudinarium
1590 1212 1907 1279 exercitus
1950 1216 2025 1278 ut
2070 1213 2275 1280 sciens
2312 1237 2348 1286 4

235 1307 350 1369 aut
402 1303 632 1368 domus
687 1303 931 1386 divitis,
983 1324 1118 1368 non
1166 1303 1337 1367 idem
1381 1303 1775 1388 inperassem
1820 1302 2117 1368 omnibus
2162 1323 2279 1388 per

235 1393 492 1458 diversa
545 1393 1056 1478 aegrotantibus3
1098 1393 1279 1456 varia
1336 1393 1405 1456 in
1462 1395 1565 1456 tot
1608 1392 1839 1457 animis
1883 1393 2045 1457 vitia
2088 1392 2275 1458 video

146 1505 197 1544 ιε»
237 1485 304 1548 et
337 1482 591 1548 civitati
632 1481 948 1547 curandae
985 1481 1311 1547 adhibitus
1340 1502 1511 1547 sum·
1555 1503 1675 1565 pro
1704 1482 2015 1566 cuiusque
2051 1482 2276 1547 morbo

236 1571 555 1637 medicina
600 1575 967 1656 quaeratur,
1012 1571 1190 1637 hunc
1233 1574 1419 1636 sanet
1449 1569 1855 1654 verecundia,
1891 1570 2067 1636 hunc
2102 1592 2277 1654 pere·

236 1661 543 1748 gfinatiO‚
578 1661 756 1727 hunc
781 1661 983 1745 dolor,
1009 1661 1186 1726 hunc
1212 1664 1487 1746 egestas,
1524 1659 1699 1726 hunc
1732 1660 1990 1726 ferrum.
2060 1660 2278 1744 itaque
2314 1684 2347 1733 5

237 1754 325 1834 et,
355 1751 412 1815 si
441 1772 741 1834 perversa
765 1749 1090 1815 induenda
1115 1750 1522 1835 magistratui
1548 1750 1745 1816 vestis
1773 1753 1840 1814 et
1866 1743 2279 1815 convocanda

237 1839 506 1905 classico
527 1839 745 1905 contio
765 1843 862 1905 est
861 1837 1282 1923 , procedam
1263 1860 1335 1904 m
1358 1837 1645 1914 tribunal
1659 1859 1794 1904 non
1809 1837 2029 1905 furens
2046 1860 2166 1905 nec
2184 1839 2277 1903 in-

149 1950 203 1990 κο
229 1929 439 1994 festus
486 1928 598 1995 sed
624 1929 810 1993 vultu
853 1928 1018 2014 legis
1055 1932 1120 1993 et
1157 1928 1272 1993 illa
1308 1928 1647 1994 sollemnia
1672 1928 1867 1995 verba
1899 1929 2034 1993 leni
2069 1930 2275 2015 magis

240 2020 546 2103 gravique
594 2039 786 2102 quam
821 2017 1048 2083 rabida
1070 2039 1230 2083 voce
1265 2018 1629 2102 concipiam
1664 2020 1732 2083 et
1756 2017 1865 2104 agi
1890 2017 2017 2106 le9e
2042 2018 2275 2082 iubebo

236 2129 367 2172 non
432 2108 634 2172 iratus
698 2107 810 2173 sed
873 2128 1158 2191 severus3
1220 2109 1287 2171 et
1344 2127 1492 2172 cum
1547 2106 1859 2172 cervicem
1914 2106 2115 2172 noxio
2160 2106 2277 2171 im·

235 2198 475 2280 perabo
539 2196 824 2280 praecidi
885 2199 950 2261 et
1012 2216 1160 2261 cum
1218 2195 1570 2280 parricidas
1629 2195 1881 2261 insuam
1940 2195 2149 2261 culleo
2213 2199 2278 2261 et

237 2306 384 2350 cum
448 2284 703 2350 mittam
766 2285 837 2349 in
900 2284 1293 2370 supplicium
1349 2284 1627 2351 militare
1686 2288 1753 2350 et
1809 2305 1957 2350 cum
2002 2280 2276 2369 Tarpeio

148 2395 198 2435 ιε
235 2373 633 2458 proditorem
690 2374 1024 2439 hostemve
1079 2374 1411 2458 publicum
1466 2374 1800 2459 inponam,
1859 2374 1997 2438 sine
2050 2374 2147 2437 ira
2199 2394 2277 2438 eo

234 2465 423 2529 vultu
483 2464 828 2547 animoque
887 2484 1022 2547 ero,
1084 2484 1214 2547 quo
1265 2465 1591 2548 serpentes
1638 2466 1703 2527 et
1747 2463 2053 2527 animalia
2093 2484 2278 2528 vene-

416 2602 450 2657 1
490 2600 856 2657 adhibebitur
895 2600 1152 2658 Eram)
1188 2600 1495 2657 adhibetur
1527 2602 1648 2658 AL
1696 2600 1719 2674 ΙΙ
1770 2600 1807 2655 2
1854 2601 2075 2656 animus
2121 2602 2209 2656 est
2243 2613 2280 2655 s·

236 2681 289 2729 et
321 2674 460 2744 vol9.
514 2673 522 2745 Ι
575 2674 636 2727 et
668 2674 786 2727 iam
820 2673 956 2756 vol9.
999 2672 1172 2729 etiam
1201 2674 1257 2729 A
1307 2672 1328 2745 ΙΙ
1380 2673 1410 2728 7
1449 2690 1565 2743 qua
1588 2672 1673 2728 A¹
1708 2674 1804 2729 sed
1838 2673 2041 2728 lineola

234 2762 470 2815 superne
503 2744 699 2799 addito
723 2750 918 2815 postea
940 2744 1132 2801 deleta
1163 2744 1186 2817 Η
1219 2744 1256 2799 8
1289 2759 1465 2799 uexas
1491 2744 1715 2799 uexaris
1742 2746 1817 2813 A,
1849 2744 1994 2813 quod
2018 2760 2136 2799 non
2160 2750 2281 2801 erat

235 2818 566 2873 coniecturis
615 2816 990 2885 temptandum
1038 2817 1160 2901 (cfr.
1199 2816 1336 2871 dial.
1374 2817 1415 2873 1
1447 2818 1501 2883 6,
1519 2820 1555 2870 4
1594 2817 1709 2871 III
1738 2820 1826 2881 17,
1846 2820 1901 2884 1)
1957 2816 1965 2883 Ι
2016 2814 2277 2871 uolutato

237 2888 482 2944 Muret‘
494 2904 523 2943 e
559 2888 700 2943 libro
735 2887 948 2943 Siculo’
983 2889 1100 2944 nisi
1134 2887 1281 2958 quod
1314 2888 1397 2942 ibi
1428 2894 1496 2943 ut
1528 2888 1592 2942 in
1628 2887 1683 2941 L
1720 2856 1980 2941 uol'utate
2013 2887 2279 2957 scriptum

236 2965 356 3014 erat
388 2957 691 3029 uoluptate
717 2960 774 3013 A
808 2957 830 3031 ΙΙ
863 2957 899 3013 9
935 2959 986 3013 it
1011 2957 1096 3013 Α*
1122 2976 1259 3014 corr.
1287 2958 1416 3026 fort.
1445 2956 1533 3013 Α*
1553 2957 1575 3031 Η
1610 2957 1681 3012 12
1716 2958 1995 3013 exercitus
2034 2957 2279 3014 Goermz

235 3031 578 3085 exercitatus
630 3030 750 3085 AL
817 3030 824 3102 Ι
890 3031 957 3084 ut
1007 3030 1254 3100 Madvi9
1302 3031 1365 3085 et
1404 3029 1527 3086 AL
1589 3028 1928 3084 exercitatus
1984 3030 2043 3083 et
2095 3028 2277 3085 sciens

235 3119 360 3156 cum
397 3102 454 3157 A
505 3102 798 3157 Klammer
847 3102 1149 3156 arcessitus
1197 3103 1264 3156 ut
1314 3100 1495 3156 sciens
1532 3101 1781 3156 Karsten
1821 3099 1843 3173 ΙΙ
1885 3098 1959 3155 18
1995 3099 2193 3155 domus
2221 3102 2278 3155 A

237 3172 468 3227 domum
495 3172 551 3227 L
612 3171 620 3245 Ι
667 3172 740 3227 20
774 3172 936 3226 vultu
971 3171 1088 3227 leni
1124 3175 1185 3227 et
1217 3171 1324 3227 illa
1359 3170 1655 3227 sollemnia
1689 3174 1864 3226 verba
1897 3186 1993 3225 ma
2219 3189 2277 3226 vi

237 3259 409 3313 quam
446 3242 576 3297 rabi
617 3258 653 3297 a
679 3244 993 3299 Pincianus
1019 3245 1159 3299 coni.
1186 3245 1427 3314 speciose
1456 3242 1613 3298 voltu
1651 3242 1794 3298 lenis
1829 3249 1881 3298 et
1914 3258 2011 3297 ver
2050 3258 2088 3297 a
2054 3186 2277 3297 emta

234 3316 420 3385 magis
459 3315 804 3371 Cornelissen
841 3314 864 3387 Η
903 3312 974 3369 21
1010 3313 1140 3385 lege
1175 3315 1307 3370 add.
1342 3314 1507 3370 Gertz
1539 3322 1755 3370 secutus
1780 3316 2145 3381 Pincianwm,
2180 3316 2279 3397 quji

233 3385 361 3513 lage
399 3387 500 3457 agi
537 3387 677 3442 coni.
712 3386 736 3459 ΙΙ
767 3384 842 3440 23
865 3384 1182 3455 parricidas
1209 3400 1244 3440 ς
1276 3384 1529 3459 pindices
1559 3386 1614 3441 A
1647 3386 1671 3459 Η
1704 3384 1777 3440 24
1803 3383 2107 3440 militarem
2135 3401 2273 3440 com.

304 3459 470 3527 psius
