2544 3746
194 54 326 121 280
599 52 660 107 L.
689 52 975 107 ANNAEI
1011 49 1343 107 SENECAE
1377 50 1569 106 DIAL.
1599 50 1733 131 LIB.
1760 50 1828 107 X.

193 200 264 263 in
312 198 737 264 maximarum
779 220 994 263 rerum
1039 198 1660 276 consummationem
1704 199 1883 283 large
1931 197 2080 262 data
2124 202 2249 281 est,

193 288 250 353 si
293 291 434 351 tota
492 286 654 353 bene
709 288 1162 371 collocaretur3
1220 286 1334 353 sed
1377 288 1491 352 ubi
1538 309 1655 372 per
1696 288 1923 353 luxum
1968 292 2070 353 ac·
2087 310 2245 373 nege-

191 376 540 463 legentiam
613 376 882 460 diffluit,
961 375 1074 442 ubi
1154 376 1321 441 nulli
1402 375 1611 442 bonae
1677 377 1777 451 ,rei
1848 376 2249 461 inpenditur,

190 465 423 531 ultima
482 465 740 531 demum
796 465 1176 531 necessitate
1236 469 1507 558 cogente
1568 487 1763 550 quam
1823 466 1917 531 ire
1968 487 2121 531 non·
2146 466 2248 530 in-

192 555 556 624 telleximus
609 554 914 620 transisse
970 555 1300 621 sentimus.
1390 555 1485 619 ita
1529 559 1655 620 est:
1707 577 1843 620 non
1888 556 2246 639 accipimus

192 645 452 711 brevem
488 645 717 728 vitam,
755 643 865 711 sed
900 643 1203 728 facimus,
1237 666 1359 710 nec
1395 643 1621 728 inopes
1660 644 1797 709 eius
1836 643 1947 709 sed
1983 644 2248 730 prodigi

194 756 432 799 sumus.
533 733 702 799 sicut
761 734 1012 817 amplae
1071 737 1138 799 et
1193 734 1411 820 regiae
1471 754 1626 817 opes
1685 732 1799 798 ubi
1858 733 1940 798 ad
1999 734 2249 799 malum

195 824 529 889 dominum
574 826 1004 907 pervenerunt
1018 872 1038 905 ,
1081 826 1412 888 momento
1452 822 1872 906 dissipantur,
1919 826 1988 888 at
2023 845 2250 908 quam-

193 912 292 977 vis
331 911 638 995 modicae,
673 910 729 975 si
766 911 939 977 bono
977 911 1231 999 custodi
1266 912 1542 977 traditae
1570 914 1741 995 sunt,
1767 932 1892 975 usu
1920 915 2249 978 crescunt:

196 1002 288 1066 ita
332 1004 506 1066 aetas
549 1004 774 1066 nostra
817 1002 980 1067 bene
1025 1000 1395 1086 disponenti
1440 1001 1717 1066 multum
1763 1004 1961 1085 patet.

372 1105 452 1173 Π.
537 1106 706 1185 Quid
779 1107 858 1173 de
930 1130 1146 1174 rerum
1218 1110 1451 1173 natura
1516 1106 1888 1191 querimur?
1998 1106 2113 1171 illa
2178 1129 2251 1171 se

196 1195 473 1281 benigne
524 1196 750 1282 gessit:
808 1198 972 1280 vita,
1030 1197 1086 1262 si
1135 1197 1235 1261 uti
1271 1196 1465 1280 scias,
1517 1197 1719 1282 longa
1755 1200 1869 1263 est.
1940 1200 2009 1261 at
2043 1196 2250 1260 alium

196 1285 579 1351 insatiabilis
641 1289 818 1351 tenet
883 1286 1178 1370 avaritia,
1238 1285 1439 1350 alium
1495 1284 1564 1349 in
1612 1286 2025 1369 supervacuis
2070 1285 2251 1349 labo-

197 1374 374 1441 ribus
421 1395 694 1459 operosa
737 1374 1072 1459 sedulitas3
1117 1374 1282 1441 alius
1328 1374 1481 1440 vino
1525 1374 1765 1458 madet,
1812 1375 1978 1439 alius
2016 1374 2253 1439 inertia

197 1466 439 1547 torpet3
511 1463 713 1528 alium
785 1463 1099 1551 defatigat
1166 1486 1247 1529 ex
1319 1464 1546 1529 alienis
1618 1463 1876 1529 iudiciis
1936 1485 2255 1548 suspensa

200 1574 451 1637 semper
518 1552 789 1618 ambitio
800 1600 820 1637 ,
886 1554 1087 1618 alium
1162 1552 1489 1618 mercandi
1553 1574 1859 1637 praeceps
1928 1552 2251 1638 cupiditas

199 1640 368 1706 circa
413 1641 622 1707 omnis
668 1645 900 1723 terras,
945 1642 1164 1707 omnia
1207 1642 1411 1707 maria
1456 1664 1570 1726 spe
1604 1642 1771 1707 lucri
1808 1640 2014 1726 ducit3
2061 1664 2255 1727 quos-

202 1730 348 1795 dam
401 1734 663 1813 torquet
708 1730 944 1814 cupido
990 1731 1260 1795 militiae
1305 1751 1640 1813 nunquam
1684 1750 1819 1795 non
1864 1734 1979 1795 aut
2022 1731 2253 1797 alienis

201 1820 502 1905 periculis
558 1819 842 1885 intentos
898 1823 1011 1884 aut
1057 1819 1190 1887 suis
1237 1818 1492 1904 anxios3
1546 1823 1699 1885 sunt
1746 1841 1909 1905 quos
1956 1819 2253 1906 ingratus

203 1909 605 1994 superiorum
635 1910 846 1975 cultus
874 1909 1242 1974 voluntaria
1271 1909 1577 1975 servitute
1605 1914 1971 1993 consumat>3
2008 1911 2253 1975 multos

202 2002 316 2063 aut
351 1997 672 2066 affectatio
711 1998 956 2064 alienae
983 1999 1283 2064 fortunae
1311 2002 1425 2063 aut
1452 2020 1603 2064 suae
1632 2000 1920 2084 querella
1948 1999 2256 2081 detinuit3

202 2088 544 2173 plerosque
601 2087 768 2152 nihil
825 2091 1072 2154 certum
1135 2087 1462 2172 sequentis
1525 2109 1692 2174 vaga
1752 2092 1819 2153 et
1876 2088 2254 2154 inconstans

205 2179 270 2241 et
336 2175 461 2242 sibi
530 2175 876 2260 displicens
934 2177 1163 2242 levitas
1223 2197 1342 2260 per
1399 2197 1569 2241 nova
1632 2177 1904 2242 consilia
1960 2175 2257 2260 iactavit3

206 2264 589 2348 quibusdam
660 2265 851 2349 nihil,
926 2285 1056 2350 quo
1121 2285 1383 2330 cursum
1448 2264 1769 2350 derigant,
1840 2267 2082 2350 placet,
2154 2268 2258 2330 set

205 2353 548 2420 marcentis
595 2353 1058 2439 oscitantisque
1102 2354 1237 2418 fata
1284 2353 1712 2438 deprendunt,
1759 2355 1919 2420 adeo
1965 2358 2041 2419 ut
2079 2353 2259 2438 quod

182 2447 365 2528 'aput
433 2442 789 2508 maximum
861 2447 1201 2528 poetarum
1275 2463 1453 2508 more
1519 2443 1763 2508 oraculi
1828 2443 2072 2509 dictum
2136 2445 2258 2526 est,

204 2553 427 2597 verum
484 2553 622 2597 esse
666 2554 802 2597 non
849 2532 1162 2598 dubitem:
1221 2531 1485 2617 ‘exigua
1530 2553 1680 2616 pars
1727 2535 1826 2597 est
1870 2533 2069 2613 vitae,
2126 2555 2259 2616 qua

206 2619 525 2692 vivimus?
631 2624 915 2692 ceterum
986 2621 1247 2705 quidem
1316 2642 1507 2685 omne
1575 2620 1859 2705 spatium
1922 2642 2057 2686 non
2118 2621 2259 2686 vita

387 2776 424 2831 3
473 2777 618 2832 nulli
666 2777 804 2848 volq.
861 2777 1053 2832 nullae
1094 2779 1150 2833 A
1199 2777 1220 2850 ΙΙ
1274 2777 1311 2831 6
1353 2777 1595 2832 facimus
1640 2776 1805 2832 Gertz
1853 2776 2093 2832 fecimus
2136 2779 2192 2831 A
2234 2776 2258 2848 Η

208 2849 244 2904 8
279 2848 569 2902 dominum
605 2865 743 2904 corr.
772 2847 859 2905 A¹
871 2851 939 2918 (?)
976 2866 1044 2904 ex
1080 2849 1343 2924 dominus
1356 2847 1399 2972 A}
1432 2847 1469 2902 9
1498 2865 1608 2902 usu
1633 2848 1719 2904 A⁰
1745 2850 1809 2902 in
1834 2864 2009 2917 mary.
2038 2855 2091 2903 et
2114 2847 2254 2917 0019.

207 2919 338 2974 uisu
382 2919 467 2975 A²
517 2919 539 2991 ΙΙ
592 2918 663 2973 12
709 2921 772 2973 at
815 2921 944 2975 add.
989 2921 1180 2990 Pauly
1244 2918 1387 2988 Qui,
1432 2961 1445 2973 .
1488 2961 1500 2974 .
1540 2961 1553 2974 .
1593 2919 1907 2988 querimur,
1955 2919 2005 2973 si
2044 2918 2148 2973 illa
2194 2935 2257 2972 se

209 2990 452 3060 benigne
497 2991 700 3061 gessit,
745 2990 890 3059 vita,
938 2991 988 3045 si
1030 2991 1120 3045 uti
1163 2991 1337 3057 scias,
1383 2990 1556 3060 longa
1594 2992 1715 3045 est?
1783 2989 1976 3044 Alium
2013 2989 2117 3045 ins.
2157 2996 2255 3044 ete.

210 3077 324 3116 non
361 3061 490 3116 bene
524 3061 648 3116 Joh.
681 3063 894 3117 Maller
941 3061 965 3145 ΙΙ
1009 3060 1080 3116 21
1126 3059 1389 3116 fortunae
1424 3063 1560 3131 voly.
1603 3059 1821 3116 formae
1857 3063 1914 3117 A
1963 3061 1971 3132 Ι
2022 3058 2257 3128 querela

213 3131 451 3204 Madviy
486 3147 601 3199 qua
628 3133 685 3187 A
711 3132 858 3200 qaod
881 3133 1003 3187 aloa
1027 3149 1228 3186 manas
1249 3132 1564 3201 perforavit
1590 3147 1726 3186 cura
1755 3133 1949 3187 Haase
1973 3131 1995 3203 11
2030 3130 2105 3186 24
2129 3131 2257 3199 qui·-

212 3201 318 3255 bus
355 3202 548 3256 damni
583 3202 679 3256 hic
705 3203 791 3257 A²
825 3219 962 3259 corr.
990 3201 1186 3272 A¹(?).
1214 3202 1222 3275 Ι
1270 3202 1343 3257 25
1388 3203 1806 3272 oscitantesque
1843 3204 1899 3258 A
1943 3201 1963 3276 Η
2011 3202 2080 3257 2¹2
2120 3203 2257 3258 Non

217 3273 525 3329 Menandri
585 3290 799 3329 versum
859 3275 948 3338 hie·
1008 3274 1170 3330 reddi
1208 3275 1313 3330 isse
1366 3273 1623 3330 Senecam
1691 3275 1784 3345 (fr.
1833 3275 2016 3331 Plocii
2068 3274 2166 3334 IX.
2199 3277 2251 3328 2.

219 3345 392 3398 Mein.
430 3345 533 3400 IV
561 3347 686 3414 194)
701 3387 715 3410 ,
752 3353 815 3400 at
847 3346 1004 3416 volgo
1031 3352 1265 3416 patant,
1300 3345 1397 3402 sed
1422 3348 1615 3415 potius
1648 3348 1851 3417 tragici
1877 3353 2099 3415 poetae,
2123 3347 2251 3412 fort.

218 3414 538 3483 Empidis,
575 3423 842 3486 spectasse
873 3433 1090 3472 versam
1123 3418 1239 3472 iam
1275 3423 1518 3473 sen-serat
1554 3419 1823 3474 Meineke.
1892 3418 2067 3474 Verba
2110 3418 2252 3486 ipsa,

2292 1020 2355 1061 lo

2295 1480 2353 1522 15
