2544 3746
179 1389 206 1436 1

753 605 832 676 L.
889 605 1277 678 ANNAEI
1334 603 1774 678 SENECAE

409 781 1393 880 DIALOGORVM
1447 781 1886 880 LIBER
1940 783 2120 881 III.

1059 955 1147 997 An
1175 955 1482 997 Novum

1134 1078 1232 1132 DE
1270 1078 1401 1133 IRA

1073 1223 1369 1263 LIBER.
1422 1223 1461 1264 Ι.

425 1365 472 1430 Ι.
521 1365 816 1453 Exegisti
861 1389 900 1431 a
944 1389 1075 1451 me,
1117 1366 1401 1450 Novate,
1453 1370 1528 1431 ut
1584 1367 1927 1434 scriberem
1989 1369 2293 1452 quemad-

246 1455 512 1520 modum
576 1459 795 1558 posset
859 1457 953 1520 ira
1004 1457 1222 1540 leniri,
1283 1477 1402 1521 nec
1457 1456 1779 1559 imerIto
1844 1457 2008 1522 mihi
2051 1456 2293 1524 videris

245 1543 419 1610 hunc
478 1546 818 1630 praecipue
879 1545 1177 1610 affectum
1234 1545 1641 1630 pertimuisse
1697 1547 1975 1610 maxime
2029 1569 2110 1612 ex
2154 1567 2293 1611 om-

243 1633 435 1698 nibus
482 1637 758 1698 taetrum
805 1656 880 1699 ac
924 1634 1234 1699 rabidum.
1310 1634 1537 1700 ceteris
1585 1635 1756 1699 enim
1802 1635 2048 1720 aliquid
2086 1637 2293 1719 quieti

246 1721 610 1807 placidique
675 1725 870 1807 inest,
939 1722 1048 1788 hic
1110 1727 1287 1788 totus
1352 1723 1709 1789 concitatus
1774 1726 1838 1788 et
1900 1725 1970 1790 in
2040 1724 2293 1827 impetu

246 1810 487 1877 doloris
547 1815 671 1897 est,
729 1834 1053 1877 armorum
1115 1812 1445 1899 sanguinis
1502 1812 1967 1899 suppliciorum
2023 1814 2293 1879 minime

243 1900 527 1965 humana
579 1902 798 1967 furens
844 1902 1222 1987 cupiditate,
1277 1901 1429 1967 dum
1486 1903 1671 1967 alteri
1715 1906 1947 1969 noceat
1992 1904 2093 1969 sui
2136 1924 2293 1989 neg-

242 1989 492 2075 legens,
545 1991 615 2055 in
672 1992 815 2074 ipsa
859 1992 1106 2056 irruens
1150 1991 1281 2055 tela
1327 1995 1391 2055 et
1434 1991 1701 2056 ultionis
1750 2013 1966 2057 secum
2010 1992 2293 2057 ultorem

243 2082 562 2144 tracturae
627 2080 867 2145 avidus.
978 2080 1240 2164 quidam
1314 2081 1531 2165 itaque
1596 2102 1630 2144 e
1690 2079 2085 2166 sapientibus
2130 2081 2293 2146 viris

244 2167 406 2231 iram
468 2169 766 2233 dixerunt
808 2170 1068 2234 brevem
1112 2169 1456 2254 insaniam3
1502 2191 1701 2254 aeque
1747 2170 1918 2234 enim
1965 2170 2291 2271 impotens

245 2258 346 2321 sui
406 2261 528 2341 est,
592 2258 839 2323 decoris
900 2258 1128 2341 oblita,
1189 2258 1733 2324 necessitudinum
1789 2258 2156 2343 immemor,
2218 2258 2294 2323 in

247 2345 420 2429 quod
484 2348 698 2432 coepit
760 2350 1057 2431 pertinax
1120 2350 1183 2411 et
1236 2349 1511 2431 intenta,
1572 2347 1809 2413 rationi
1874 2348 2291 2431 consiliisque

246 2436 606 2537 praeclusa,
668 2437 850 2501 vanis
915 2438 1158 2523 agitata
1221 2437 1460 2519 causis,
1520 2436 1602 2501 ad
1665 2436 2024 2520 dispectum
2099 2438 2291 2521 aequi

246 2525 506 2609 verique
553 2526 885 2609 inhabilis,
929 2526 1132 2591 ruinis
1172 2526 1531 2608 simillima,
1578 2548 1740 2611 quae
1779 2548 1971 2609 super
2008 2525 2075 2590 id
2113 2526 2290 2609 quod

247 2634 618 2698 oppressere
664 2614 1065 2700 franguntur.
1143 2618 1219 2679 ut
1264 2615 1429 2680 scias
1476 2617 1690 2679 autem
1734 2636 1869 2679 non
1914 2636 2050 2679 esse
2097 2636 2289 2679 sanos

423 2772 499 2825 In
535 2773 592 2827 A
627 2772 761 2827 haec
788 2774 1006 2842 paqina
1052 2772 1329 2843 (fol.12r)
1378 2774 1673 2827 recentiore
1716 2788 1889 2826 mmm
1931 2773 2143 2841 scripta
2191 2778 2287 2827 est.

246 2842 396 2897 Eius
431 2844 737 2911 scripturas
765 2844 1049 2898 Gertzium
1085 2851 1303 2899 secutus
1339 2843 1525 2898 littera
1550 2861 1589 2898 α
1614 2844 1858 2914 signavi,
1886 2843 2002 2898 cod
2032 2843 2287 2897 Lauren-

245 2914 393 2967 tiani
428 2913 683 2969 lectiones
717 2915 785 2969 L

425 2987 461 3041 2
503 2988 734 3043 Imerito
771 3006 810 3044 a
847 2991 920 3059 (et
953 2991 1034 3044 sic
1069 3006 1277 3059 semper
1318 2991 1513 3059 {petus
1554 2990 1787 3059 'ipotens
1821 2990 1939 3059 etc)
1966 2986 2052 3060 114
2075 2989 2288 3043 tetrum

244 3060 622 3129 a(nusquam
656 3060 788 3115 haec
831 3077 1032 3116 manus
1078 3076 1145 3115 ae
1194 3060 1409 3128 scribit,
1455 3060 1613 3115 semel
1648 3076 1705 3132 e,
1752 3060 1893 3115 alibi
1936 3075 2143 3128 semper
2179 3060 2233 3129 e)
2268 3058 2291 3129 Η

245 3132 282 3187 ὅ
318 3133 379 3187 111
406 3132 574 3215 ipetu
611 3134 819 3189 doloris
858 3136 944 3190 est
979 3154 1018 3191 a
1052 3136 1115 3189 111
1151 3136 1369 3205 impetu
1404 3137 1490 3190 est
1518 3134 1727 3189 doloris
1755 3135 1810 3189 L
1845 3134 1907 3188 in
1934 3133 2155 3203 impetu
2182 3135 2287 3197 est

247 3203 457 3259 doloris
507 3222 611 3275 eqs.
654 3207 1048 3261 commendavit
1095 3224 1275 3276 nuper
1326 3208 1408 3262 W.
1443 3206 1655 3261 Gemoll
1703 3205 1725 3277 ΙΙ
1776 3206 1806 3259 7
1854 3204 2149 3275 negligens
2187 3222 2226 3259 a
2268 3204 2289 3275 {j

247 3273 282 3329 8
306 3273 541 3330 ultionis
579 3277 648 3346 (ti
673 3279 738 3332 in
763 3280 896 3347 ras.)
935 3295 971 3331 a
990 3271 1082 3331 L
1117 3294 1308 3332 secum
1334 3277 1577 3332 ultorem
1603 3278 1826 3332 tractu&
1855 3276 1910 3331 L
1946 3290 2077 3329 secu
2104 3274 2289 3329 multa

247 3349 308 3399 re
352 3347 603 3401 tracture
649 3364 784 3403 corr.
829 3351 892 3403 in
937 3364 1068 3403 secu
1112 3348 1296 3403 multa.
1332 3348 1419 3403 ira
1453 3350 1781 3403 tracturum
1804 3365 1843 3403 a
1891 3346 1913 3420 Η
1961 3345 2028 3402 11
2070 3345 2288 3401 decoris

249 3433 292 3471 c.
323 3424 550 3473 accentu
587 3436 624 3472 a
658 3418 678 3491 Η
714 3418 785 3473 13
823 3419 1136 3490 dispectum
1166 3421 1221 3476 L
1258 3420 1585 3490 despectum
1623 3438 1661 3475 a

2362 1749 2393 1789 5

2336 2196 2392 2236 1⁰

2332 2640 2384 2680 15
