2544 3746
429 118 530 171 AD
568 115 956 171 PAVLINVM
992 116 1090 169 DE
1128 115 1547 171 BREVITATE
1575 115 1799 171 VITAE
1839 116 1991 173 CAP.
2024 123 2090 172 1⁷
2172 119 2304 185 305

268 284 430 346 opus
469 267 567 327 est
603 266 666 327 et
700 284 820 346 pro
859 262 1016 345 ipsis
1055 284 1217 345 quae
1252 282 1611 327 successere
1639 264 1808 329 votis
1834 267 1987 329 vota
2014 263 2307 329 facienda

267 354 432 417 sunt.
527 374 716 417 omne
770 351 942 416 enim
999 351 1172 435 quod
1216 350 1489 415 fortuito
1538 352 1802 417 obvenit
1844 352 2144 418 instabile
2190 357 2305 436 est,

267 463 524 525 quoque
584 441 776 505 altius
838 439 1210 525 surrexerit,
1257 441 1683 527 opportunius
1731 444 1829 506 est
1872 442 1941 505 in
1989 463 2303 507 occasum.

266 531 586 595 neminem
660 550 853 613 porro
929 550 1154 593 casura
1227 530 1571 595 delectant:
1653 530 2076 596 miserrimam
2151 552 2303 615 ergo

266 640 522 683 necesse
596 624 721 702 est,
800 640 934 682 non
1005 621 1258 682 tantum
1310 618 1806 702 brevissimam,
1884 620 2085 684 vitam
2168 642 2305 685 esse

267 729 515 791 eorum,
573 708 685 791 qui
736 728 971 793 magno
1018 711 1248 791 parant
1292 708 1540 791 labore,
1597 708 1769 790 quod
1815 709 2056 773 maiore
2103 709 2306 792 possi-

269 797 474 861 deant.
568 817 834 880 operose
893 796 1279 861 adsecuntur
1338 818 1501 880 quae
1556 798 1811 879 volunt,
1866 797 2041 861 anxii
2086 800 2308 861 tenent

268 908 432 969 quae
491 885 780 951 adsecuti
838 889 1014 968 sunt3
1079 886 1260 950 nulla
1314 885 1573 950 interim
1627 908 1982 969 numquam
2030 886 2305 970 amplius

265 975 534 1041 redituri
579 973 888 1059 temporis
933 974 1098 1039 ratio
1151 978 1271 1040 est:
1333 996 1537 1039 novae
1584 975 2035 1059 occupationes
2081 976 2307 1039 veteri-

119 1044 124 1050 ’
173 1086 228 1125 ιο
264 1065 385 1129 bus
465 1063 943 1129 substituuntur
953 1065 986 1147 ,'
1053 1084 1198 1148 spes
1284 1086 1461 1147 spem
1546 1064 1808 1151 excitat,
1888 1065 2307 1129 ambitionem

170 1529 224 1571 15

166 1977 224 2016 20

163 2421 223 2462 25

267 1152 552 1217 ambitio,
644 1153 1044 1217 miseriarum
1102 1174 1235 1217 non
1290 1152 1437 1216 finis
1496 1154 1849 1236 quaeritur,
1881 1158 1994 1218 set
2040 1153 2309 1219 materia

267 1245 568 1307 mutatur.
660 1241 866 1307 nostri
911 1263 1029 1306 nos
1075 1242 1353 1306 honores
1401 1246 1752 1307 torserunt:
1802 1243 1949 1327 plus
1996 1242 2306 1326 temporis

267 1331 460 1395 alieni
518 1331 844 1414 auferunt3
905 1330 1227 1395 candidati
1283 1330 1577 1395 laborare
1632 1331 1941 1397 desimus:
2002 1332 2307 1417 suffraga-

265 1424 437 1485 tores
474 1419 846 1504 incipimus3
881 1419 1223 1485 accusandi
1260 1419 1673 1503 deposuimus
1712 1422 2099 1486 molestiam:
2141 1420 2308 1484 iudi-

267 1509 453 1575 candi
526 1510 984 1593 nanciscimur3
1057 1510 1248 1573 iudex
1312 1510 1479 1574 desit
1542 1530 1705 1574 esse:
1780 1511 2107 1594 quaesitor
2180 1513 2306 1591 est3

267 1599 622 1679 alienorum
651 1599 970 1664 bonorum
999 1598 1436 1662 mercennaria
1464 1599 1916 1682 procuratione
1946 1600 2307 1664 consenuit:

267 1689 400 1752 suis
448 1688 678 1771 opibus
726 1688 1082 1752 distinetur.
1173 1686 1450 1752 Marium
1496 1688 1705 1773 caliga
1750 1689 2021 1753 dimisit:
2082 1710 2307 1754 consu-

263 1778 435 1841 latus
482 1780 748 1842 exercet.
824 1774 1125 1853 Quintius
1164 1775 1548 1841 dictaturam
1594 1781 1899 1861 properat
1939 1777 2309 1861 pervadere:

267 1866 345 1932 ab
404 1869 616 1931 aratro
670 1865 1092 1931 revocabitur.
1182 1864 1305 1931 ibit
1348 1865 1418 1929 in
1462 1864 1712 1931 Poenos
1759 1866 2047 1931 nondum
2093 1869 2309 1931 tantae

266 1959 554 2020 maturus
599 1956 694 2020 rei
740 1953 990 2040 Scipi03
1034 1955 1244 2020 victor
1279 1953 1693 2038 Hannibalis,
1737 1957 1945 2020 victor
1982 1955 2308 2039 Antiochi,

266 2044 368 2109 sui
427 2045 799 2110 consulatus
859 2042 1080 2127 decue,
1139 2044 1407 2108 fraterni
1462 2065 1763 2128 sponsor,
1819 2046 1888 2108 ni
1933 2067 2049 2128 per
2094 2045 2308 2128 ipsum

265 2155 448 2198 mora
507 2136 700 2216 esset,
759 2154 906 2198 cum
952 2131 1106 2196 Iove
1150 2136 1591 2216 reponeretur:
1647 2133 1869 2198 civiles
1918 2137 2307 2197 servatorem

266 2222 604 2308 agitabunt
671 2222 1014 2286 seditiones
1081 2224 1144 2285 et
1206 2225 1358 2305 post
1425 2221 1745 2286 fastiditos
1803 2245 1841 2285 a
1893 2222 2123 2286 iuvene
2188 2222 2307 2286 diis

265 2333 504 2397 aequos
576 2310 854 2376 honores
928 2311 1057 2374 iam
1132 2331 1348 2375 senem
1423 2311 1819 2376 contumacis
1890 2311 2042 2375 exili
2105 2311 2308 2376 delec-

264 2402 430 2466 tabit
475 2401 760 2465 ambitio.
833 2421 1188 2482 numquam
1235 2395 1467 2464 derunt
1500 2401 1605 2465 vel
1645 2400 1863 2466 felices
1898 2401 2009 2464 'vel
2041 2401 2309 2465 miserae

442 2625 480 2680 8
517 2642 740 2696 quoque
771 2624 937 2682 Gertz
973 2625 1125 2693 quod
1154 2625 1209 2680 A
1247 2642 1357 2695 quo
1387 2638 1421 2680 ς
1457 2632 1508 2682 et
1540 2627 1680 2696 voly.
1714 2626 1720 2696 ξ
1765 2627 2067 2680 surrexerit
2093 2627 2149 2681 A
2188 2643 2307 2679 sur-

263 2697 412 2753 rexit
451 2709 486 2752 ς
530 2697 633 2764 cfr.
674 2698 1059 2752 Hammelrath
1101 2698 1494 2766 yram..-stilist.
1534 2699 1794 2768 Beitrdye
1827 2714 1909 2751 -zu
1949 2698 2071 2752 Seu.
2110 2699 2305 2767 Proqr.

262 2770 580 2826 Enunerich·
617 2772 759 2823 1895
785 2785 845 2837 p.
875 2768 994 2837 3341.
1041 2769 1061 2839 ΙΙ
1115 2769 1143 2824 7
1181 2771 1378 2822 tenent
1414 2785 1551 2824 cor-r.
1586 2786 1653 2824 ex
1688 2771 1846 2823 tenet
1874 2768 1958 2824 A⁸
2000 2769 2020 2840 Η
2067 2768 2103 2823 9
2150 2785 2306 2823 novae

263 2841 348 2896 A⁶
363 2842 432 2909 (⁴1²)
478 2856 624 2895 nouo
665 2839 750 2895 A¹
797 2839 819 2912 Η
868 2839 940 2894 13
987 2839 1233 2895 desimus
1270 2840 1355 2895 A¹
1391 2840 1698 2895 desinimus
1733 2839 1816 2895 A³
1860 2841 1959 2908 cfr.
2001 2840 2189 2895 Heme
2233 2841 2308 2894 ad

263 2913 418 2982 epist.
463 2928 521 2981 p.
563 2914 776 2978 155,18
822 2910 844 2983 ΙΙ
896 2911 967 2964 15
1012 2911 1161 2966 desit
1205 2927 1344 2967 corr.
1380 2913 1445 2966 in
1489 2911 1660 2966 desiit
1696 2911 1780 2967 A¹
1836 2911 1843 2982 Ι
1887 2910 1956 2966 17
2003 2910 2307 2966 distinetur

267 2983 474 3051 Gruter
509 2983 825 3037 destinetur
851 2982 908 3037 A
945 2981 1066 3037 det-
1104 2984 1209 3037 alii
1241 2984 1246 3052 fl
1282 2982 1467 3052 caligo
1497 2983 1553 3037 A
1579 2999 1715 3038 corr.
1746 2998 1813 3038 vo
1833 3000 1882 3052 9.
1912 2981 1933 3055 ΙΙ
1959 2982 2030 3038 18
2095 2982 2306 3037 uadere

263 3053 349 3109 A²
384 3054 633 3124 puadere
661 3053 746 3108 Α8
771 3052 996 3108 tradere
1024 3054 1296 3109 Schultess
1316 3053 1341 3138 fl
1376 3052 1448 3107 19
1473 3053 1585 3108 ibit
1610 3053 1667 3108 A
1694 3053 1799 3107 ivit
1827 3054 2020 3109 Haase
2044 3053 2052 3124 1
2090 3053 2163 3108 20
2188 3054 2307 3108 uic-

263 3125 499 3180 torianti
538 3125 667 3180 ochi
694 3123 779 3180 A²
813 3141 952 3181 corr.
980 3124 1066 3180 Α8
1099 3124 1119 3197 ΙΙ
1164 3125 1232 3178 21
1272 3142 1334 3178 m
1369 3141 1472 3194 per
1505 3126 1642 3195 voly.
1688 3140 1861 3192 neper
1888 3125 1943 3180 A
1976 3125 1997 3197 ΙΙ
2149 3141 2307 3178 mora

265 3198 414 3252 esset
454 3197 622 3253 Gertz
671 3211 830 3251 mora
876 3196 951 3251 sit
986 3196 1071 3251 A⁶
1107 3196 1315 3250 morast
1360 3202 1461 3251 aut
1504 3196 1732 3251 moras&
1766 3195 1852 3251 A¹
1892 3196 1898 3267 Ι
1945 3202 2073 3251 ante
2110 3195 2306 3251 ciuiles

263 3271 328 3323 in
354 3270 410 3324 A
444 3272 485 3323 2
519 3274 620 3323 aut
654 3271 690 3324 3
727 3268 829 3323 litt.
877 3268 1046 3335 (velut
1088 3268 1146 3322 ia
1191 3269 1313 3323 ‘sed
1346 3269 1577 3338 vestiyia
1612 3269 1781 3322 nimis
1816 3267 2071 3335 incerta’)
2120 3285 2307 3323 erasae

263 3346 398 3396 sumt
433 3339 624 3394 civiles
661 3341 999 3393 servatorem
1031 3343 1281 3409 <r.p.>
1302 3340 1378 3393 M
1376 3339 1542 3409 adviy
1570 3338 1917 3406 <civium>
1947 3337 2139 3393 civiles
2167 3354 2303 3392 serv.
2381 3394 2386 3399 ,

269 3411 432 3466 Gertz
459 3410 651 3465 civiles
681 3409 1030 3466 Servatorem
1056 3411 1179 3466 Joh.
1202 3411 1428 3466 Miiller.
1480 3411 1581 3477 cfr.
1612 3410 1736 3464 Tac.
1767 3426 1898 3465 ann.
1931 3411 1993 3465 X
2004 3411 2058 3464 V
2088 3415 2155 3464 71
2181 3410 2259 3464 in.

265 3481 338 3537 28
373 3481 682 3551 abiuuenes
720 3480 779 3551 (b
816 3498 857 3537 s.
886 3483 958 3550 v.)
997 3481 1080 3535 dii
1117 3498 1176 3536 se
1213 3482 1453 3536 honores
1481 3481 1566 3537 A¹
1600 3497 1733 3536 corr.
1768 3480 1854 3535 A⁸

376 3588 611 3634 81:830ss
637 3597 807 3634 OPERA
825 3591 864 3630 Ι.
885 3591 922 3631 1.
940 3589 1011 3632 ed.
1031 3591 1235 3630 Hermo
1249 3601 1283 3630 n.
1808 3590 1877 3640 20

2348 1705 2379 1753 6
