2544 3746
1013 71 1430 128 PRAEFATIO
2163 75 2241 130 XI

379 223 577 284 Huius
649 221 868 284 codicis
931 223 1320 303 Ambrosiani
1388 226 1519 285 tam
1578 223 1979 285 multifariam
2040 228 2242 286 vexati

205 313 437 373 variam
504 311 847 389 lectionem,
919 315 993 372 ut
1062 312 1496 374 emendationis
1565 313 1964 376 certissimum
2026 314 2240 375 funda-

205 404 472 462 mentum
516 403 580 462 et
620 401 874 462 unicum'
910 403 1034 462 fere
1078 403 1337 479 fontem,
1383 401 1559 463 Gertz
1600 403 1665 462 in
1703 402 1966 462 editione
2004 422 2117 464 sua
2152 403 2243 465 ita

206 491 516 570 proponit,
558 493 632 552 ut
674 492 932 570 singulis
974 492 1152 567 locis,
1197 493 1400 571 quoad
1444 492 1569 552 eius
1612 491 1748 552 fieri
1782 494 2049 570 poterat,
2096 494 2241 570 quid

205 579 398 658 prima
432 599 648 641 manus
693 580 1055 658 scripsisset,
1099 581 1249 658 quid
1292 581 1650 658 posteriores
1696 583 2055 642 correctores
2102 582 2241 643 inde

205 670 560 747 effecissent,
631 687 868 730 summa
939 688 1074 730 cum
1137 689 1284 731 cura
1348 670 1747 731 adnotaverit.
1821 691 1974 749 quae
2041 672 2243 731 omnia

203 761 467 863 repetere
505 714 584 818 al>
619 760 798 819 huius
835 758 1112 820 editionis
1150 759 1397 819 consilio
1436 759 1701 820 alienum
1742 763 1898 820 erat:
1941 761 2243 837 permulta

201 848 487 908 nimirum
528 846 608 907 ad
643 848 1078 913 emendandum
1116 847 1374 909 Senecae
1411 866 1743 910 sermonem
1788 849 2017 909 nullius
2063 849 2244 926 pretii

203 956 355 1012 esse,
402 939 458 998 si
508 935 734 997 Gertzii
779 940 1140 1015 apparatum
1183 938 1540 1016 inspexeris,
1594 939 1724 1015 ipse
1769 937 2081 998 iudicabis.
2171 957 2242 998 ac

201 1029 468 1104 primum
541 1025 783 1103 quidem
851 1026 1146 1087 minutias
1217 1027 1359 1087 illas
1432 1026 1929 1106 orthographicas
2002 1026 2242 1087 silentio

200 1116 582 1193 praetermisi
638 1118 748 1176 aut
800 1116 984 1176 semel
1033 1134 1277 1176 monere
1332 1117 1481 1178 satis
1536 1115 1749 1193 habui,
1802 1115 1923 1176 nisi
1970 1116 2133 1193 quod
2176 1115 2242 1175 in

201 1205 460 1285 dialog-is
495 1205 527 1264 I
572 1207 634 1264 et
667 1203 759 1280 Π,
812 1207 884 1263 ut
937 1205 1010 1265 de
1041 1206 1177 1270 ,hac
1235 1224 1477 1282 qnoque
1530 1225 1595 1265 re
1648 1204 1855 1282 paullo
1902 1205 2241 1265 accuratius

197 1294 465 1356 iudicare
517 1311 749 1371 posses,
803 1312 876 1353 ea
918 1312 1041 1353 non
1087 1294 1290 1354 omnia
1335 1294 1577 1354 exclusi.
1661 1312 1857 1370 neque
1904 1293 2128 1354 talibus
2173 1296 2243 1353 ut

199 1385 405 1444 inutili
451 1381 688 1444 sarcina
733 1385 1092 1460 apparatum
1137 1383 1388 1459 implere
1434 1383 1702 1449 animum
1742 1381 1980 1459 induxi,
2024 1384 2095 1442 ut
2140 1382 2243 1442 ad-

197 1475 500 1547 notarem,
554 1470 772 1550 quibus
817 1471 965 1531 locis
1010 1472 1168 1542 illast,
1225 1475 1313 1541 at,
1370 1471 1579 1545 adqui,
1637 1473 1787 1545 quit,
1843 1490 1998 1548 quae
2047 1473 2243 1548 prima

195 1580 411 1622 manus
485 1562 833 1637 scripserat,
909 1561 1169 1621 secunda
1241 1562 1353 1621 aut
1426 1561 1721 1622 recentior
1777 1560 1843 1618 in
1898 1561 2075 1629 ilbmi,
2142 1561 2240 1630 ad,

197 1651 388 1724 atqui,
438 1651 580 1724 quid
623 1649 974 1710 correxisset
1017 1651 1126 1710 aut
1160 1650 1446 1724 quidquid
1487 1649 1553 1709 in
1598 1649 1897 1725 quicquid,
1943 1650 2134 1709 voltus
2175 1651 2242 1709 in

195 1741 413 1808 vultus,
461 1739 727 1812 adfectus
769 1739 836 1798 111
876 1740 1120 1812 affectus
1163 1741 1539 1800 mutavisset.
1613 1739 1827 1799 deinde
1864 1756 1937 1797 ea
1981 1739 2243 1815 praeter-

194 1829 282 1889 ire
349 1847 449 1889 me
516 1846 692 1905 posse
752 1827 1054 1905 videbam,
1123 1847 1278 1905 quae
1333 1829 1468 1906 ipsa
1525 1821 1613 1888 Α1
1677 1826 2129 1903 emendaverat,
2188 1829 2241 1887 si

194 1920 442 1995 quidem
478 1920 706 1977 certum
733 1919 882 1997 erat,
917 1937 1050 1978 eam
1086 1918 1281 1994 primo
1317 1918 1591 1994 paullum
1618 1917 2065 1977 declinantem
2046 1936 2241 1995 ipsam

192 2026 257 2068 se
316 2006 671 2083 correxisse,
717 2007 893 2067 ¹velut
945 2028 1003 2084 p.
1037 2008 1140 2082 28,
1163 2009 1244 2066 22
1302 2007 1523 2066 uictum
1577 2026 1649 2065 ex
1700 2008 1923 2066 uictam
1979 2007 2062 2064 26
2110 2006 2240 2065 libi-

191 2098 394 2157 dinosi
459 2112 687 2156 amores
751 2115 822 2155 ex
885 2096 1162 2156 libidinos
1221 2113 1476 2166 amore8‚
1540 2096 1750 2172 51,18
1810 2112 2106 2154 morosum
2168 2114 2239 2152 ex

188 2203 488 2260 nwrsmn,
547 2186 651 2259 77,
672 2185 751 2244 21
803 2185 901 2243 ille
946 2203 1016 2243 ex
1069 2184 1198 2259 illo,
1257 2186 1360 2259 79,
1382 2186 1419 2244 3
1468 2185 1873 2258 aequiorisque
1918 2203 1989 2243 ex
2034 2200 2241 2255 aequo-

189 2276 395 2348 risque
441 2266 677 2378 (littera
711 2275 736 2332 i
780 2293 826 2335 s.
853 2293 911 2333 v.
958 2272 1192 2349 addita,
1239 2270 1400 2349 quod
1444 2275 1659 2349 postea
1693 2264 1783 2331 A⁵
1824 2272 1916 2331 ita
1959 2274 2242 2346 mutavit,

190 2366 266 2421 ut
317 2362 542 2423 litteris
594 2352 869 2436 u‘orisque
917 2361 1102 2423 erasis
1160 2362 1459 2434 uiorisque
1514 2361 1580 2420 in
1624 2380 1899 2421 rasuram
1943 2354 2241 2442 inferret),

195 2453 413 2528 93,14
463 2452 723 2511 caederet
766 2470 838 2511 ex
883 2451 1158 2528 caederit,
1211 2452 1357 2525 129,
1379 2451 1417 2509 8
1466 2451 1778 2510 latrocinia
1822 2470 1895 2509 ex
1936 2450 2239 2519 latrocina,

197 2541 414 2617 148,6
454 2542 670 2600 honore
715 2561 788 2600 ex
829 2542 993 2609 hore,
1041 2542 1289 2615 271,11
1333 2540 1470 2599 duci
1514 2543 1566 2598 te
1609 2540 1761 2598 iussi
1808 2558 1880 2598 ex
1922 2539 2083 2597 drucit
2118 2538 2243 2611 ejus

190 2632 274 2701 si,
357 2630 508 2705 356,
530 2631 567 2688 6
635 2630 928 2705 conchylio
999 2649 1071 2689 ex
1143 2629 1419 2703 eochylio,
1497 2628 1644 2702 360,
1666 2629 1749 2686 32
1817 2644 2108 2687 ausurwm
2170 2646 2241 2685 ex

193 2737 454 2779 asurwm
509 2719 639 2779 sim.
652 2762 668 2794 ,
726 2737 835 2779 nec
887 2718 1010 2779 scio
1065 2738 1163 2781 an.
1198 2718 1377 2794 plura
1432 2715 1559 2777 61118
1616 2718 1852 2795 generis
1909 2716 2241 2776 omittenda

192 2809 444 2868 fuerint.
511 2826 635 2867 non
679 2809 878 2868 minus
926 2807 1001 2867 ab
1040 2806 1429 2867 adnotatione
1466 2806 1537 2866 ea
1573 2805 1825 2879 exclusi,
1879 2824 2043 2881 quae
2082 2809 2240 2865 recte

192 2898 445 2974 quidem
500 2896 728 2974 scripta
779 2898 990 2973 postea
1041 2896 1200 2957 male
1256 2898 1522 2956 correcta
1575 2897 1743 2971 sunt,
1800 2895 1970 2955 velut
2022 2896 2242 2954 umeris

187 2986 260 3045 in
295 2987 578 3061 hwneris,
625 2986 876 3060 epistula
909 2985 976 3044 in
1011 2986 1270 3060 epistola,
1319 2985 1604 3045 damnmn
1638 2984 1702 3043 in
1740 2984 2085 3059 dampnum,
2121 3001 2241 3043 acc.

189 3074 553 3135 immortalis
578 3075 643 3133 in
669 3075 1050 3144 immortales,
1098 3074 1390 3134 servolum
1423 3074 1489 3133 in
1524 3074 1847 3141 servulum,
1887 3073 2240 3135 thensaurus

189 3166 260 3223 in
297 3164 641 3240 thesaurus,
675 3161 1018 3241 formonsus
1051 3164 1118 3222 in
1149 3164 1447 3237 formosus
1484 3162 1707 3222 similia
1739 3162 1952 3222 multa.
2012 3161 2235 3221 Eorum

190 3271 372 3327 vero,
428 3271 584 3329 quae
648 3244 738 3311 A⁵
798 3253 1060 3313 mutavit
1121 3255 1230 3312 aut
1290 3251 1495 3329 potius
1559 3251 1853 3327 eorrupit,
1916 3251 2240 3309 maximam

189 3345 438 3419 partem
493 3340 867 3401 abiciendam
919 3341 1104 3401 fuisse
1156 3341 1254 3402 vel
1310 3360 1381 3399 ex
1436 3340 1520 3400 eis
1568 3338 1910 3419 apparebit,
1966 3357 2120 3416 quae
2167 3339 2238 3397 de

189 3432 380 3492 huius
437 3450 653 3492 manus
714 3449 896 3508 opera
954 3450 1136 3507 supra
1197 3430 1407 3507 attuli,
1470 3448 1579 3490 nec
1644 3446 2007 3505 quemquam
2065 3445 2238 3503 spero
