2544 3746
235 103 370 169 254
630 102 690 155 L.
720 100 1004 155 ANNAEI
1041 99 1372 155 SENECAE
1408 98 1599 153 DIAL.
1629 98 1762 154 LIB.
1791 98 1884 155 IX.

236 250 349 311 aut
394 246 567 313 sufes
612 246 1057 312 administrare
1100 268 1238 311 rem
1284 246 1627 330 publicam.
1704 245 1859 330 quid
1906 247 1961 311 si
1996 246 2279 312 militare

232 336 403 402 nolis
485 335 612 402 nisi
682 336 1032 421 imperator
1113 339 1228 401 aut
1296 334 1639 401 tribunus?
1756 336 1950 401 etiam
2033 336 2090 401 si
2162 336 2279 401 alii

234 427 512 508 primam
555 425 836 491 frontem
880 425 1216 509 tenebunt,
1269 428 1336 490 te
1382 446 1521 491 sors
1567 425 1736 489 inter
1779 426 2037 490 triarios
2083 447 2279 509 posu-

235 515 381 598 erit,
439 514 587 580 inde
633 536 820 598 voce,
873 514 1349 598 adhortatione,
1405 515 1701 598 exemplo
1711 564 1728 597 ,
1784 514 2001 579 animo
2040 514 2277 579 milita:

231 605 536 689 praecisis
585 626 841 688 quoque
886 604 1180 669 manibus
1227 604 1339 669 ille
1384 604 1454 667 in
1498 602 1745 687 proelio
1784 604 2055 687 invenit,
2103 604 2278 687 quod

232 693 523 777 partibus
589 694 902 777 conferat,
976 694 1089 778 qui
1153 696 1282 758 stat
1344 697 1563 758 tamen
1626 696 1691 757 et
1746 693 2026 759 clamore
2079 692 2274 758 iuvat.

162 800 194 849 6
231 784 360 849 tale
416 782 722 867 quiddam
777 782 1004 849 facias:
1058 783 1116 847 si
1162 804 1200 846 a
1245 783 1456 866 prima
1500 786 1566 847 te
1609 782 1705 847 rei
1749 781 2047 866 publicae
2092 786 2277 865 parte

231 871 493 937 fortuna
547 872 995 955 summoverit,
1058 873 1186 937 stes
1242 874 1458 935 tamen
1514 874 1579 936 et
1633 872 1910 936 clamore
1967 871 2145 939 iuves
2192 874 2277 953 et,

232 962 288 1025 si
356 962 499 1045 quis
567 961 785 1028 fauces
843 996 860 1007 ν
889 960 1310 1045 oppresserit,
1388 963 1517 1026 stes
1596 964 1813 1025 tamen
1886 964 1952 1025 et
2017 958 2275 1025 silentio

231 1051 427 1116 iuves.
499 1072 853 1135 numquam
899 1050 1148 1116 inutilis
1195 1054 1297 1116 est
1341 1071 1538 1134 opera
1582 1049 1742 1115 civis
1786 1049 1970 1114 boni:
2016 1049 2275 1115 auditus

228 1140 562 1225 visusque,
623 1142 834 1222 voltu,
897 1142 1087 1223 nutu,
1152 1139 1586 1205 obstinatione
1641 1138 1838 1205 tacita
1892 1139 2277 1223 incessuque

161 1246 190 1295 ‘1
229 1227 373 1314 ipso
419 1229 698 1313 prodest.
770 1232 848 1295 ut
883 1228 1189 1295 salutaria
1223 1230 1560 1312 quaedam,
1608 1249 1773 1313 quae
1809 1227 1973 1294 citra
2010 1231 2275 1314 gustum

227 1321 601 1402 tactumque
647 1319 842 1385 odore
885 1318 1262 1403 proficiunt,
1308 1318 1402 1382 ita
1444 1317 1651 1382 virtus
1695 1317 2043 1382 utilitatem
2079 1318 2274 1383 etiam

228 1430 310 1472 ex
364 1408 723 1494 longinquo
779 1412 847 1473 et
905 1409 1114 1474 latens
1173 1405 1403 1471 fundit.
1509 1406 1645 1471 sive
1706 1406 2024 1491 spatiatur
2081 1411 2147 1472 et
2206 1427 2303 1471 se·

226 1498 433 1561 utitur
479 1519 596 1561 suo
641 1498 780 1562 iure
789 1547 809 1581 ,
857 1497 993 1563 sive
1039 1497 1361 1581 precarios
1404 1495 1604 1561 habet
1647 1517 1944 1562 excessus
1992 1497 2272 1583 cogitur-

229 1607 352 1670 que
420 1587 564 1651 vela
622 1586 1023 1670 contrahere,
1092 1587 1227 1653 sive
1288 1585 1498 1651 otiosa
1556 1589 1863 1670 mutaque
1922 1588 2021 1650 est
2078 1589 2144 1651 et
2206 1588 2275 1650 in

227 1679 502 1761 angusto
569 1676 1059 1759 circumsaepta,
1133 1677 1268 1741 sive
1332 1676 1661 1759 adaperta,
1734 1675 1804 1739 in
1864 1696 2273 1758 quocumque

225 1765 453 1830 habitu
499 1769 621 1849 est,
667 1764 940 1851 proficit.
1025 1764 1181 1848 quid
1226 1768 1301 1829 tu
1346 1786 1575 1849 parum
1621 1763 1781 1829 utile
1826 1768 2016 1848 putas
2064 1786 2273 1829 exem-

156 1870 188 1920 8
225 1855 408 1940 plum
479 1855 640 1921 bene
711 1853 1140 1940 quiescentis?
1245 1855 1440 1941 longe
1503 1853 1723 1938 itaque
1787 1853 2107 1938 optimum
2175 1857 2273 1919 est

227 1946 494 2011 miscere
560 1945 765 2010 otium
827 1945 1045 2028 rebus,
1110 1945 1408 2028 quotiens
1474 1947 1742 2010 actuosa
1804 1943 1939 2009 vita
2002 1943 2273 2028 impedi-

226 2035 460 2102 mentis
519 2033 805 2099 fortuitis
865 2038 978 2098 aut
1034 2034 1313 2099 civitatis
1360 2032 1741 2099 condicione
1786 2032 2273 2117 prohibebitur3

224 2145 577 2207 numquam
637 2124 808 2187 enim
863 2143 1068 2207 usque
1137 2144 1212 2188 eo
1272 2123 1622 2188 interclusa
1690 2125 1844 2187 sunt
1898 2120 2143 2205 omnia,
2197 2126 2274 2186 ut
2366 2130 2373 2134 '

224 2213 390 2276 nulli
436 2210 676 2278 actioni
717 2212 902 2277 locus
945 2211 1252 2277 honestae
1299 2211 1401 2276 sit.

156 2319 184 2365 1
403 2299 482 2366 V.
555 2300 891 2386 Numquid
965 2303 1149 2384 potes
1222 2300 1511 2365 invenire
1583 2299 1810 2365 urbem
1874 2299 2271 2366 miseriorem

226 2412 418 2473 quam
478 2387 973 2455 Atheniensium
1037 2389 1187 2474 fuit,
1248 2410 1398 2454 cum
1459 2389 1641 2454 illam
1694 2389 1966 2474 triginta
2010 2390 2271 2473 tyranni

225 2477 643 2544 divellerent?
723 2479 902 2544 mille
946 2483 1266 2544 trecentos
1313 2478 1512 2560 cives,
1560 2478 1883 2563 optimum
1930 2499 2268 2562 quemque,

225 2568 590 2635 occiderant
647 2589 766 2634 nec
825 2569 1020 2632 finem
1068 2568 1211 2633 ideo
1270 2566 1618 2650 faciebant,
1680 2565 1791 2632 sed
1846 2566 2157 2631 inritabat
2202 2589 2269 2632 se

223 2652 369 2742 ipsa
421 2657 704 2722 saevitia.
800 2657 869 2721 in
923 2678 1051 2740 qua
1097 2657 1356 2722 civitate
1402 2659 1540 2722 erat
1583 2653 1790 2721 Areos
1836 2677 2070 2742 pagos,
2125 2657 2269 2720 reli·

153 2817 158 2822 ⁶
223 2746 659 2832 giosissimum
739 2744 1075 2830 iudicium,
1166 2746 1235 2810 in
1318 2767 1445 2829 qua
1526 2749 1784 2811 senatus
1856 2745 2268 2830 populusque

223 2839 450 2901 senatu
486 2835 742 2918 similis,
781 2835 994 2900 coibat
1030 2834 1266 2900 cotidie
1305 2835 1679 2901 carnificum
1707 2835 1891 2900 triste
1921 2834 2266 2920 collegium

400 2975 436 3030 8
473 2975 716 3030 clamore
747 2975 1021 3030 Erasmus
1058 2975 1204 3028 clam
1232 2973 1289 3028 A
1310 2975 1344 3046 ,11
1378 2973 1450 3030 10
1478 2973 1708 3028 auditus
1735 2974 1999 3042 visusque
2029 2973 2269 3044 Madvig

222 3045 539 3118 adituslest
566 3047 790 3114 uisusq3
821 3046 905 3101 A¹
933 3045 1282 3118 adituslejus
1304 3046 1531 3115 uisusq3
1561 3045 1646 3100 A'
1674 3044 1901 3099 auditus
1938 3045 2048 3100 iste
2084 3045 2268 3098 uisus-

223 3134 331 3185 que
373 3117 536 3172 Gertz
569 3117 590 3190 ΙΙ
633 3117 705 3171 12
742 3116 1048 3185 quaedam,
1088 3132 1233 3186 quae
1270 3118 1339 3172 P.
1375 3115 1609 3172 ΤΙιοηιαε
1646 3133 1791 3185 quae
1820 3118 1875 3172 A
1913 3116 2195 3187 quaedam
2233 3129 2269 3170 s·

224 3187 364 3254 alia,
416 3203 561 3256 quae
609 3189 822 3244 Hosius
869 3187 890 3260 ΙΙ
943 3187 1015 3242 14
1059 3187 1263 3242 fundit.
1331 3187 1459 3242 Sive
1498 3229 1510 3242 .
1551 3232 1563 3243 .
1602 3188 1905 3258 adaperta,
1956 3187 2019 3241 in
2065 3189 2264 3256 interp.

225 3259 463 3328 Madv-1⁹9
507 3258 722 3326 fundit,
779 3261 895 3313 sive
935 3302 946 3312 .
987 3302 999 3314 .
1048 3259 1349 3328 adaperta:
1414 3259 1476 3314 in
1520 3261 1658 3330 volq.
1714 3261 1736 3332 ΙΙ
1787 3259 1861 3314 16
1908 3260 1971 3314 in
2022 3261 2265 3330 angusto

223 3331 288 3382 P.
325 3330 560 3384 Thomas
596 3332 837 3400 angusto
865 3332 921 3385 A
959 3331 1079 3398 (cfr.
1117 3347 1237 3400 cap.
1274 3336 1331 3398 2,
1359 3334 1448 3401 10)
1488 3333 1727 3402 anguste
1770 3331 1933 3387 Gertz
1968 3331 1989 3403 ΙΙ
2029 3331 2099 3384 18
2135 3347 2264 3400 pro-

221 3398 342 3452 ficit
372 3400 535 3454 Gertz
578 3401 759 3468 prosit
786 3402 841 3456 A
877 3401 1110 3469 prodest
1143 3403 1282 3472 voly.
1311 3419 1383 3458 σω
1405 3415 1441 3456 ς
1475 3419 1555 3458 an
1589 3402 1847 3472 profuit?
1889 3405 1895 3473 Ι
1938 3403 2077 3470 quid
2112 3404 2179 3456 tu
2206 3402 2264 3456 A

225 3468 396 3536 quid?
451 3471 516 3523 tu
550 3471 688 3540 volo.
726 3471 746 3542 ΙΙ
779 3471 852 3526 30
889 3474 1118 3526 senatus
1159 3472 1323 3529 Gertz
2218 3485 2224 3490 ’

2316 1072 2371 1111 10

2313 1517 2367 1557 1⁵

2306 2853 2365 2894 30
