2544 3746
173 49 252 104 VI
975 51 1389 108 PRAEFATIO

173 203 356 276 tinet,
402 203 500 262 vel
543 202 744 278 potius
792 203 1152 280 archetypus
1199 202 1328 263 eius
1374 203 1779 280 continuerat,
1825 203 1909 264 sic
1955 205 2213 282 scriptus

175 293 268 352 est
311 310 495 350 manu
540 291 759 368 prima:

857 373 917 426 L.
945 372 1178 426 ANNEI
1217 372 1518 428 SENECAE

641 460 1129 516 DIALOGORVM
1164 461 1362 518 LIBRI
1396 450 1577 517 NVM.
1607 461 1726 517 XII.

173 550 253 604 IN
288 549 534 604 PRIMIS
571 551 674 605 AD
712 549 1076 605 LVCILI'VM.
1151 551 1401 617 QVARE
1446 551 1724 617 ALIQVA
1767 551 1848 605 IN
1850 551 2215 608 COMMODA

289 621 504 677 BONIS
543 621 734 676 UIRIS
771 620 1154 677 ACCIDANT.
1231 621 1387 677 CVM
1421 621 1926 678 PROUIDENTIA
1963 623 2088 678 SIT.

385 692 487 746 AD
527 693 893 747 SERENVM.
966 693 1111 748 NEC
1147 693 1495 748 INIVRIAM
1528 693 1674 748 NEC

387 763 532 819 CON
567 764 667 818 TV
701 764 992 818 MELIAM
1026 764 1381 820 ACCIPERE
1421 764 1837 820 SAPIENTEM
1868 809 1878 820 .
1911 809 1920 818 .
1955 809 1965 819 .

385 836 487 890 AD
525 835 892 891 NOUATUM
928 837 1026 890 DE
1064 836 1192 890 IRA
1228 835 1425 890 LIBRI
1461 835 1554 890 III.

384 907 486 961 AD
524 906 881 962 MARCIAM.

384 979 486 1032 AD
525 977 960 1034 GALLIONEM-
991 979 1089 1046 DE
1127 977 1304 1032 UITA
1340 978 1601 1033 BEATA.

384 1049 487 1103 AD
530 1049 824 1105 ΙΙΙΙΙΙΙΙΙ
866 1050 964 1103 DE
1004 1049 1240 1117 OTIO.¹)

386 1119 486 1175 AD
513 1120 876 1180 ,SERENVM
913 1121 1010 1174 DE
1047 1119 1691 1186 TRANQVILLITA'I'E
1728 1121 1959 1177 ANIMI.

384 1193 487 1246 AD
524 1191 911 1254 PAVLINVM
949 1191 1045 1245 DE
1083 1191 1502 1248 BREUITA'I'E
1540 1191 1763 1248 UITAE

385 1263 487 1317 AD
530 1263 924 1318 POLYBIVM.

385 1334 486 1389 AD
523 1333 855 1388 HELBIAM
891 1333 1224 1388 MATREM.

173 1431 284 1491 sub
328 1432 422 1492 his
468 1451 653 1492 manu
698 1432 922 1491 recenti
967 1433 1303 1491 atramento
1351 1432 1589 1511 volgari
1634 1430 1843 1492 addita
1885 1434 2052 1492 sunt:

588 1520 884 1580 Eiusdem
928 1519 1216 1596 epistolae
1263 1520 1342 1580 ad
1387 1521 1458 1580 B.
1485 1520 1756 1580 Paulum.

598 1608 884 1670 Eiusdem
930 1609 1321 1686 epitaphium.

173 1698 385 1758 deinde
421 1699 486 1757 in
521 1698 645 1758 ima
681 1699 907 1776 pagina.
943 1717 1125 1758 manu
1157 1717 1363 1758 rursus
1392 1697 1589 1775 prima
1615 1697 1833 1758 litteris
1862 1697 2209 1759 rubricatis:

369 1788 596 1864 Incipit
641 1789 718 1846 ad
763 1787 1054 1859 lucilium.
1119 1785 1250 1857 Qua
1294 1808 1359 1847 re
1406 1787 1612 1864 aliqua
1655 1786 2033 1848 incommoda

463 1872 638 1937 bonis
684 1877 832 1937 uiris
859 1877 1157 1957 ‘accidant
1201 1896 1336 1960 cum
1381 1878 1765 1955 prouidentia
1809 1879 1905 1938 sit.

174 1986 501 2061 sequuntur
561 1986 627 2043 in
682 1983 843 2043 foliis
898 1983 1037 2043 inde
1102 2002 1139 2042 a
1194 1984 1452 2043 secundo
1507 1987 1670 2045 recto
1734 2002 1924 2061 usque
1990 1985 2069 2044 ad
2122 1986 2207 2045 85

171 2092 412 2133 versum
470 2073 779 2133 duodecim
839 2072 1216 2151 dialogorum
1280 2073 1447 2151 libri,
1511 2092 1632 2132 non
1694 2073 1916 2151 integri
1978 2091 2208 2133 omnes:

171 2182 313 2222 nam
359 2160 418 2221 et
463 2164 528 2221 in
564 2161 762 2221 codice
803 2163 1145 2239 archetypo,
1191 2182 1223 2221 e
1261 2182 1381 2241 quo
1417 2162 1478 2221 A
1517 2162 1843 2239 descriptus
1882 2165 1989 2237 est,
2027 2180 2207 2237 quae-

171 2252 312 2311 dam
370 2252 493 2310 iam
551 2251 772 2327 perisse
833 2253 894 2309 et
946 2250 1011 2309 in
1063 2251 1197 2327 ipso
1243 2251 1322 2325 A<
1357 2250 1600 2310 initium
1660 2250 2083 2311 consolationis
2130 2250 2210 2310 ad

170 2340 493 2417 Polybium
547 2340 802 2416 scriptae
857 2342 1068 2416 postea
1122 2340 1405 2400 avulsum
1459 2358 1585 2399 esse
1640 2341 1846 2399 monui
1890 2340 2014 2400 suis
2060 2338 2209 2399 locis

171 2431 233 2489 in
299 2429 724 2489 commentario
789 2420 923 2511 (cfr.
966 2450 1024 2505 p.
1068 2430 1153 2488 48
1179 2448 1266 2505 sq.
1318 2430 1446 2488 230
1470 2448 1558 2506 sq.
1598 2431 1657 2488 et
1702 2449 1759 2505 p.
1796 2421 1972 2511 310).
2055 2447 2209 2505 quae

174 2518 417 2596 quidem
463 2520 702 2579 servata
747 2520 936 2593 erant,
981 2536 1104 2577 una
1148 2518 1376 2597 pagina
1425 2520 1673 2595 excepta
1719 2510 1851 2599 (fol.
1886 2519 1966 2576 12
1985 2510 2090 2598 r.),
2136 2517 2211 2576 de

173 2627 296 2684 qua
338 2608 500 2667 infra
538 2626 734 2687 agam,
780 2607 987 2667 eadem
1023 2608 1225 2667 omnia
1264 2627 1449 2666 manu
1484 2606 1954 2684 Langobardicis
1988 2606 2208 2665 litteris

172 2716 292 2755 non
337 2699 429 2756 ita
463 2698 654 2756 multo
691 2698 832 2774 post
866 2696 1108 2772 saeculi,
1153 2699 1228 2756 ut
1261 2695 1516 2771 videtur,
1553 2696 1641 2754 XI
1677 2695 1918 2754 initium
1964 2698 2211 2755 exarata

173 2788 330 2845 sunt.
423 2804 790 2862 quamquam
835 2787 1114 2845 accurate
1161 2784 1280 2845 dici
1324 2804 1445 2843 non
1490 2788 1713 2861 potest,
1771 2804 1887 2860 quo
1942 2788 2210 2862 tempore

171 2874 324 2933 liber
359 2876 618 2952 scriptus
655 2874 753 2951 sit,
799 2893 934 2933 cum
967 2874 1509 2933 Montecasinenses
1548 2892 1655 2951 per
1689 2875 1929 2951 longius
1971 2877 2209 2950 tempus

173 2963 396 3024 eisdem
439 2964 562 3023 fere
620 2964 961 3022 litterarum
1019 2964 1228 3022 formis
1284 2980 1424 3022 usos
1480 2982 1606 3023 esse
1661 2964 1918 3035 constet,
1974 2964 2037 3023 et
2078 2962 2211 3021 fieri

172 3054 397 3130 potest,
455 3055 527 3112 ut
585 3052 766 3111 codex
824 3052 1062 3113 saeculo
1124 3052 1432 3127 antiquior
1492 3054 1588 3111 sit.
1679 3053 1857 3111 mitto
1910 3051 2089 3110 Pauli
2148 3054 2210 3110 ct

176 3140 432 3200 Senecae
496 3140 786 3218 epistulas
850 3142 912 3200 et
975 3141 1094 3200 alia
1158 3141 1482 3216 quaedam,
1547 3159 1701 3218 quae
1765 3142 1830 3199 in
1893 3140 2055 3199 foliis
2122 3141 2207 3198 86

174 3247 362 3306 usque
409 3229 485 3289 ad
535 3231 616 3289 88
665 3229 900 3289 adiecta
945 3231 1111 3304 sunt,
1162 3233 1224 3289 et
1266 3230 1443 3289 redeo
1491 3230 1569 3288 ad
1615 3249 1745 3289 eam
1794 3232 2027 3305 partem
2072 3228 2213 3288 libri

361 3416 410 3481 1)
447 3414 508 3467 in
543 3431 741 3471 rasura
779 3419 991 3471 certum
1030 3420 1116 3471 cst
1151 3415 1323 3471 fuisse
1362 3416 1726 3476 SERENVM,
