2544 3746
291 69 378 136 80
682 66 740 122 L.
772 65 1056 121 ANNAEI
1093 64 1423 123 SENECAE
1460 62 1935 121 DIAL.L113.1v.

291 213 670 297 sapientem,
736 216 1050 297 quantum
1117 212 1429 277 scelerum
1491 210 1841 296 indignitas
1905 210 2135 297 exigit,
2194 233 2332 276 non

290 300 693 367 irascendum
736 302 837 366 illi
882 301 994 367 sed
1038 299 1487 366 insaniendum
1531 303 1645 365 est.

223 427 250 475 1
468 405 790 474 X.111ud
849 408 1067 493 potius
1127 405 1471 493 cogitabis,
1531 428 1666 471 non
1729 428 1865 472 esse
1928 404 2331 472 irascendum

292 497 628 561 erroribus
735 496 894 582 quid
955 497 1154 576 enim,
1217 496 1275 561 si
1338 496 1499 580 quis
1546 496 1858 561 irascatur
1919 496 1990 561 ιιι
2049 496 2331 561 tenebris

290 608 519 687 parum
563 586 837 673 vestigia
881 589 1054 651 certa
1098 583 1531 670 ponentibus?
1608 585 1792 687 quid,
1836 584 1893 649 si
1938 584 2083 669 quis
2120 584 2331 651 surdis
2400 606 2430 647 5

291 674 561 758 imperia
602 696 736 740 non
781 673 1312 746 exaudientibus?
1389 672 1573 758 quid,
1616 674 1672 738 si
1717 674 1959 759 pueris,
2005 672 2178 758 quod
2222 694 2333 738 ne-

292 763 504 849 glecto
542 763 834 849 dispectu
870 764 1235 831 officiorum
1270 761 1354 828 ad
1383 764 1564 828 lusus
1592 766 1657 828 et
1683 763 1938 847 ineptos
1966 762 2335 848 aequalium

292 853 469 919 iocos
529 851 864 939 spectent?
953 852 1137 938 quid,
1194 852 1252 917 si
1310 851 1442 917 illis
1500 851 1691 918 irasci
1744 852 1932 936 velis,
1974 853 2110 935 qui,
2156 851 2333 937 quod

293 946 704 1028 aegrotante
673 946 1039 1027 senescunt,
1081 940 1482 1028 fatigantur?
1580 942 1751 1006 inter
1793 944 2004 1007 cetera
2044 941 2334 1007 mortali-

291 1032 444 1096 tatis
480 1030 890 1096 incommoda
924 1035 989 1097 ct
1019 991 1150 1097 ’hoc
1184 1034 1311 1114 est,
1346 1030 1557 1117 caligo
1594 1030 1907 1096 mentium
1932 1051 2054 1097 nec
2078 1034 2335 1095 tantum
2370 1053 2434 1093 ιο

221 1139 253 1188 2
290 1120 634 1185 necessitas
681 1120 935 1185 errandi
979 1120 1092 1186 sed
1136 1133 1426 1185 errorum
1472 1140 1668 1186 amor.
1756 1142 1840 1185 ne
1893 1119 2165 1207 singulis
2209 1120 2335 1184 ira-

290 1230 675 1363 maan?
675 1231 818 1365 3:5⁵
820 1208 1698 1364 ²⁵0ig1¹222⁰0233¹¹¹1¹1¹2v2⁹31bffi²
1698 1208 2114 1383 Σῖᾦῖᾙζ
2144 1208 2337 1383 {⁰1:2³3

292 1391 588 1490 peccant,
645 1388 918 1454 irascere
969 1392 1027 1454 et
1078 1387 1460 1453 infantibus.
1512 1387 1841 1473 peccaturi
1894 1391 2061 1453 sunt.
2148 1408 2335 1453 num-

294 1475 439 1560 quis
476 1478 774 1543 irascitur
809 1477 1045 1562 pueris,
1081 1498 1358 1562 quorum
1386 1478 1560 1543 aetas
1594 1475 1884 1558 nondum
1908 1476 2096 1542 novit
2119 1496 2337 1542 rerum
2372 1498 2436 1540 ιι

295 1564 708 1632 discrimina?
795 1567 1002 1631 maior
1059 1570 1159 1632 est
1215 1566 1544 1633 excusatio
1602 1570 1669 1631 et
1720 1553 1953 1631 iustior
2005 1565 2337 1631 hominem
2472 1624 2477 1629 .

224 1672 257 1722 s
294 1676 432 1719 esse
491 1676 686 1739 quam
743 1676 1033 1740 puerum.
1124 1655 1248 1721 hac
1303 1655 1681 1721 condicione
1724 1654 1864 1720 nati
1908 1675 2157 1741 sumus,
2201 1655 2338 1719 ani-

296 1744 491 1809 malia
546 1744 826 1810 obnoxia
882 1765 1016 1809 non
1077 1744 1492 1829 paucioribus
1552 1743 1750 1808 animi
1804 1764 2000 1829 quam
2045 1744 2337 1829 corporis

295 1832 566 1918 morbis,
625 1854 760 1901 non
819 1833 1078 1919 quidem
1143 1833 1376 1900 obtusa
1430 1854 1551 1899 nec
1608 1831 1820 1917 tarda,
1878 1832 1989 1899 sed
2042 1832 2338 1899 acumine

293 1927 519 1988 nostro
583 1925 750 1989 male
813 1924 1087 2007 utentia,
1159 1923 1323 1990 alter
1388 1923 1574 1989 alteri
1635 1923 1944 1989 vitiorum
2016 1922 2339 2009 exempla:
2372 1943 2441 1987 ao

296 2013 588 2096 quisquis
649 2013 940 2097 sequitur
993 2013 1241 2098 priores
1298 2012 1467 2084 male
1524 2013 1649 2078 iter
1704 2013 2055 2114 ingressos,
2110 2009 2341 2096 quidni

224 2119 258 2167 4
294 2101 529 2166 habeat
587 2102 1089 2187 excusationem,
1147 2123 1294 2167 cum
1354 2101 1615 2186 publica
1670 2101 1778 2166 via
1831 2099 2178 2168 erraverit?
2266 2099 2340 2166 ιιι

296 2189 586 2298 singulos
625 2191 927 2256 severitas
963 2191 1371 2275 imperatoris
1408 2189 1845 2276 destringitur,
1880 2194 1947 2256 at
1979 2189 2341 2256 necessaria

295 2281 483 2344 venia
525 2284 647 2362 est,
683 2280 794 2344 ubi
831 2283 1007 2346 totus
1046 2280 1327 2345 deseruit
1362 2280 1695 2345 exercitus.
1770 2278 1927 2364 quid
1962 2279 2191 2345 tollit
2170 2301 2338 2344 iram

297 2369 648 2453 sapientis?
710 2370 900 2434 turba
935 2368 1369 2453 peccantium:
1405 2369 1726 2455 intellegit
1761 2390 1957 2453 quam
1992 2372 2059 2434 et
2091 2368 2338 2434 inicum
2374 2391 2442 2432 ns

227 2477 260 2525 5
298 2459 383 2523 sit
419 2463 484 2524 et
518 2459 950 2543 periculosum
986 2458 1176 2524 irasci
1213 2458 1475 2543 publico
1512 2459 1693 2524 vitio.
1763 2456 2133 2524 Heraclitus
2178 2478 2339 2542 quo-

475 2650 512 2706 8
559 2649 972 2722 iocosspectent
1021 2652 1076 2707 A
1142 2653 1338 2722 (prior,
1392 2668 1418 2705 s
1466 2667 1510 2708 s.
1538 2669 1589 2709 v.
1617 2650 1746 2707 add.
1774 2668 1845 2714 m.
1872 2652 1930 2721 2)
1988 2650 1999 2724 Ι
2058 2650 2253 2722 <qui‚
2260 2653 2337 2720 >

299 2722 450 2792 quod
502 2726 802 2794 aegrotant
852 2724 1175 2792 senescunt,
1221 2722 1542 2794 fatigantur
1575 2723 1776 2793 scripsi
1811 2721 1964 2792 quod
2001 2724 2275 2794 aegrotan

299 2797 631 2850 senescunt?
668 2794 1022 2866 fatigantur?
1049 2797 1106 2852 A
1143 2795 1244 2864 qui
1281 2796 1547 2866 egrotant
1581 2810 1623 2849 s.
1653 2792 1692 2849 f.
1720 2795 1775 2850 L
1812 2794 1937 2865 qui,
1976 2795 2111 2849 dum

297 2867 427 2922 tant
462 2869 564 2922 aut
598 2869 922 2936 senescunt,
958 2865 1061 2922 fat.
1095 2865 1260 2922 Gertz
1296 2864 1456 2935 quod·
1485 2865 1706 2936 aegroti
1742 2869 1845 2921 aut
1878 2881 2041 2922 senes
2076 2881 2187 2921 eun
2229 2882 2263 2921 o
2297 2865 2339 2921 f.

299 2937 602 3006 &halaam
637 2939 744 2992 alii
777 2940 841 2996 in
867 2939 1197 3008 pronomine
1231 2936 1347 2993 illis
1386 2939 1552 2993 latere
1576 2939 1774 3002 vitiam
1799 2938 2061 2993 arbitrati

298 3010 438 3066 com'.
458 3007 592 3064 ullis
615 3010 874 3079 (Vahlen)
899 3008 1180 3064 inbecillis
1200 3009 1405 3080 (Koch)
1422 3007 1655 3064 servulis
1673 3010 1759 3065 vel
1775 3007 1998 3066 ancillis
2017 2936 2344 3079 (ἐζ-σκευὴ,-

299 3079 393 3137 sed
427 3081 530 3149 cfr.
571 3081 851 3137 θεν-ἐσίοιμι
897 3081 964 3135 in
1009 3081 1136 3136 edit.
1186 3080 1209 3154 ΙΙ
1256 3079 1328 3135 18
1371 3078 1676 3136 tribuenda
1706 3080 1781 3148 A,
1814 3079 1912 3136 sed
1947 3095 1984 3134 a
2019 3096 2089 3136 cx
2120 3083 2162 3135 ὓ
2197 3096 2341 3138 corr.

299 3153 424 3219 fort
455 3150 1243 3225 m.1{114etadd.6r'm·tz
1298 3153 1305 3224 Ι
1359 3149 2340 3220 antepeccatnriA⁰utvid.s.v

301 3223 455 3292 quod
503 3223 652 3291 add„
695 3224 760 3278 in
803 3229 1060 3279 contextu
1093 3223 1297 3278 habent
1329 3223 1384 3278 L
1421 3229 1473 3279 et
1505 3222 1643 3308 volu.
1692 3221 1716 3296 ΙΙ
1767 3220 1833 3277 17
1879 3220 2129 3278 &ditione
2156 3221 2242 3279 A‘
2274 3224 2346 3278 in

301 3311 410 3350 ras.
449 3309 516 3350 ex
550 3293 634 3350 A¹
667 3296 945 3364 scriptura
981 3292 1848 3379 tamtumcetedispieiummrn
1882 3291 1956 3349 20
1992 3291 2139 3349 alter
2170 3291 2344 3350 alteri

305 3365 508 3492 {gt-zet
544 3363 726 3492 ᾳὲιιοιζ
753 3364 942 3492 jumi
978 3366 1033 3421 A
1079 3363 1262 3422 altera
1308 3364 1503 3423 alteri·
1540 3365 1734 3422 Haase
1780 3363 1803 3439 ΙΙ
1848 3362 1923 3420 28
1965 3362 2347 3437 destringitur

164 3463 179 3472 ,
451 3452 543 3506 Μ
639 3452 665 3492 ,
