2544 3746
509 104 611 158 AD
649 100 1082 160 GALLIONEM
1118 102 1218 159 DE
1253 102 1433 159 VITA
1468 102 1715 158 BEATA
1752 102 1905 159 CAP.
1939 109 2005 159 18
2150 106 2282 173 209

232 272 316 317 ne
351 270 683 336 resurgere
721 248 981 334 quidem
1001 248 1056 334 †
1083 248 1552 315 adulescentiae
1578 249 1759 334 licet,
1795 270 1944 315 cum
1971 248 2281 317 honestus

233 340 415 425 turpi
460 338 737 405 desidiae
781 338 1010 405 titulus
1057 339 1341 405 accessit.
1414 339 1541 405 hoc
1587 341 1685 404 est
1729 359 1845 405 cur
1888 338 2015 406 ista
2057 337 2283 425 volup-

231 430 387 495 tatis
450 428 736 495 laudatio
800 428 1166 513 perniciosa
1227 428 1343 511 sit,
1407 428 1561 513 quia
1620 427 1895 495 honesta
1939 431 2285 514 praecepta

232 520 405 585 intra
447 518 682 601 latent,
729 517 903 602 quod
949 517 1334 602 corrumpit,
1381 521 1665 604 apparet.

169 647 194 687 ⁵
412 622 586 689 XIII.
658 622 738 689 In
782 646 858 690 ea
902 623 1163 710 quidem
1205 624 1349 710 ipse
1393 624 1711 691 sententia
1753 646 1899 691 sum
1934 662 2011 672 —
2059 624 2282 691 invitis
2321 642 2349 692 1

231 714 359 780 hoc
402 714 643 780 nostris
688 713 1112 798 popularibus
1159 712 1371 779 dicam
1418 750 1503 761 —
1550 716 1771 780 sancta
1813 714 2172 799 Epicurum
2218 719 2285 780 et

231 806 408 869 recta
465 802 831 890 praecipere
886 806 978 887 et,
1036 802 1094 868 si
1146 802 1417 889 propius
1462 804 1833 887 accesseris,
1885 804 2123 889 tristia3
2170 825 2283 870 vo-

230 892 449 980 luptas
486 892 658 958 enim
695 893 810 958 illa
845 891 927 956 ad
961 912 1234 976 parvum
1271 895 1339 958 et
1372 892 1539 958 exile
1573 896 1913 959 revocatur
1948 896 2039 976 et,
2087 914 2279 977 quam

231 1004 352 1049 nos
410 981 639 1047 virtuti
698 981 912 1067 legem
975 980 1279 1065 dicimus,
1341 1003 1483 1047 eam
1542 982 1654 1047 ille
1714 981 1873 1048 dicit
1929 980 2280 1067 voluptati:

141 1093 194 1132 10
231 1071 412 1137 iubet
463 1070 646 1137 illam
689 1092 914 1155 parere
956 1074 1251 1154 naturae;
1306 1092 1536 1156 parum
1583 1073 1683 1136 est
1726 1074 1940 1137 autem
1986 1070 2279 1137 luxuriae

232 1160 408 1245 quod
451 1163 718 1226 naturae
765 1160 921 1225 satis
967 1162 1081 1225 est.
1174 1159 1331 1244 quid
1377 1180 1532 1245 ergo
1579 1159 1720 1227 est?
1800 1160 1938 1244 ille,
1988 1161 2278 1244 quisquis
2316 1176 2347 1225 2

230 1247 624 1315 desidiosum
671 1248 879 1313 otium
926 1251 992 1313 et
1031 1248 1220 1335 gulae
1256 1269 1334 1314 ac
1366 1247 1656 1315 libidinis
1693 1249 1866 1315 vices
1903 1250 2277 1315 felicitatem

230 1341 450 1422 vocat,
491 1338 738 1404 bonum
783 1336 990 1403 malae
1034 1337 1128 1403 rei
1175 1337 1428 1421 quaerit
1471 1342 1800 1404 auctorem
1838 1342 1929 1422 et,
1974 1360 2123 1405 cum
2161 1340 2278 1404 illo

229 1428 410 1493 venit
440 1427 680 1493 blando
717 1428 981 1492 nomine
1015 1426 1346 1511 inductus,
1382 1428 1673 1510 sequitur
1708 1428 2107 1514 voluptatem
2144 1449 2281 1493 non

137 1537 192 1577 ιε
231 1538 428 1601 quam
474 1515 679 1599 audit,
726 1515 837 1581 sed
885 1537 1079 1601 quam
1127 1516 1376 1599 attulit,
1419 1519 1485 1580 et
1528 1516 1689 1581 vitia
1724 1539 1842 1582 sua
1878 1538 2026 1583 cum
2064 1518 2280 1602 coepit

229 1609 459 1691 putare
528 1604 768 1671 similia
829 1604 1219 1689 praeceptis,
1285 1604 1580 1691 indulget
1642 1606 1773 1673 illis
1832 1629 1967 1673 non
2034 1606 2281 1691 timide,

228 1716 350 1761 nec
396 1695 664 1761 obscure
707 1693 1073 1760 luxuriatur
1116 1697 1216 1761 set
1250 1694 1381 1759 iam
1418 1694 1566 1760 inde
1603 1699 1825 1779 aperto
1863 1696 2088 1781 capite.
2162 1696 2280 1761 ita-

231 1805 356 1869 que
429 1805 564 1850 non
640 1784 874 1867 dicam,
953 1783 1127 1869 quod
1198 1785 1491 1869 plerique
1561 1789 1961 1870 nostrorum,
2037 1788 2277 1851 sectam

226 1875 500 1958 Epicuri
560 1872 958 1960 flagitiorum
1023 1875 1400 1960 magistram
1464 1896 1625 1959 esse,
1700 1873 1811 1940 sed
1875 1875 2039 1940 illud
2103 1873 2277 1942 dico:

135 1983 192 2024 πο
229 1963 398 2028 male
453 1962 661 2046 audit,
717 1962 979 2028 infamis
1033 1965 1159 2046 est,
1225 1966 1293 2027 et
1345 1963 1667 2028 inmerito.·
1764 1963 1891 2030 hoc
1946 1965 2107 2030 scire
2164 1965 2277 2049 qui
2314 1979 2348 2030 3

228 2056 446 2136 potest
506 2051 635 2116 nisi
706 2051 975 2117 interius
1040 2050 1407 2117 admissus?
1513 2052 1693 2118 frons
1758 2054 1895 2119 eius
1959 2054 2104 2138 ipsa
2167 2053 2279 2119 dat

225 2142 446 2208 locum
491 2140 748 2210 fabulae
793 2144 858 2206 et
902 2140 984 2205 ad
1029 2140 1266 2205 malam
1304 2162 1484 2226 spem
1522 2142 1761 2207 inritat.
1835 2141 1961 2208 hoc
1997 2143 2126 2208 tale
2162 2147 2278 2228 est,

229 2231 421 2314 quale
466 2230 568 2295 vir
610 2229 799 2296 fortis
847 2230 1080 2295 stolam
1127 2229 1419 2296 indutus:
1480 2234 1734 2297 constat
1777 2230 1901 2296 tibi
1946 2231 2277 2316 pudicitia,

412 2422 457 2476 5·
473 2423 730 2493 Epiewi
763 2422 840 2488 fr.
866 2425 976 2477 460
1015 2423 1107 2481 Ua.

408 2546 441 2602 1
481 2545 867 2619 adulescentie
896 2547 948 2600 A
976 2544 1398 2601 erubescentiae
1424 2547 1662 2617 Madvig
1689 2545 2086 2616 displicentiae
2109 2547 2275 2604 Gertz

227 2617 692 2674 adlubescentiae
727 2618 1049 2688 Petscheniq
1093 2616 1424 2673 adulatione
1460 2617 1736 2689 gliscente
1772 2618 2047 2675 Schultess
2083 2617 2275 2674 abole-

225 2691 411 2746 scenti
445 2689 834 2760 paenitentiae
871 2688 943 2744 Ε.
980 2689 1216 2744 Thomas
1249 2687 1272 2762 ΙΙ
1306 2688 1344 2742 ὅ
1378 2689 1502 2758 ipse
1533 2688 1738 2746 Gruter
1770 2689 1900 2759 ipsa
1926 2694 1981 2745 A
2016 2690 2037 2762 ΙΙ
2075 2689 2105 2746 7
2142 2707 2273 2760 pro·

224 2762 406 2831 pitius
445 2761 747 2816 accesseris
781 2759 1021 2815 tristitia
1047 2763 1102 2813 A
1139 2759 1277 2816 corr'.
1305 2761 1442 2832 0019.
1531 2759 1600 2817 11
1638 2760 1737 2815 ille
1773 2777 1897 2817 cum
1932 2763 2273 2820 antecedenti

225 2834 680 2904 interroqationis
726 2833 884 2902 siyno
932 2832 997 2885 in
1043 2832 1165 2901 ipso
1213 2847 1377 2888 versu
1538 2875 1548 2887 .
1588 2831 1671 2886 A²
1703 2874 1723 2901 ,
1759 2849 1884 2888 eum
1910 2833 1993 2886 A²
2027 2835 2273 2902 spatium

224 2921 466 2960 vacuum
499 2905 808 2974 reliquisset
839 2901 861 2974 ΙΙ
904 2901 976 2957 13
1012 2918 1140 2956 cum
1170 2903 1411 2974 Madviq
1446 2903 1580 2956 dum
1609 2905 1664 2957 A
1697 2903 1719 2976 ΙΙ
1758 2903 1831 2959 14
1864 2904 2189 2973 uoluptates
2217 2907 2273 2960 A

225 2992 366 3033 corr.
393 2975 530 3046 volq.
568 2974 591 3047 ΙΙ
624 2974 693 3029 17
731 2976 819 3029 set
853 2973 970 3028 iam
1004 2973 1139 3028 inde
1171 2973 1336 3030 Gertz
1371 2975 1546 3029 etiam
1571 2974 1707 3030 inde
1734 2978 1789 3029 A
1824 2976 1925 3030 sed
1951 2975 2068 3029 iam
2096 2976 2273 3032 audet

225 3045 503 3102 Schultess
559 3047 567 3119 Ι
614 3045 686 3101 18
731 3044 919 3100 dicam
947 3056 982 3099 ς
1016 3044 1215 3100 dicunt
1239 3049 1295 3100 A
1332 3045 1460 3101 dico
1495 3046 1632 3117 volq.
1678 3045 1701 3118 ΙΙ
1747 3045 1821 3102 2⁰
1862 3045 2092 3102 infamis
2127 3049 2268 3119 vola.

223 3117 418 3174 infans
446 3122 501 3172 A
591 3119 650 3172 et
684 3115 948 3172 inmerito
977 3119 1032 3170 A
1066 3131 1172 3172 nec
1205 3115 1470 3172 inmerito
1502 3116 1666 3174 Gertz
1699 3134 1817 3173 non
1850 3118 2006 3186 bene,
2039 3121 2174 3188 quia
2206 3119 2271 3174 id

224 3190 376 3260 qnod
408 3205 514 3259 seq.
561 3189 670 3244 hoc
713 3205 827 3244 non
859 3188 1022 3248 habet
1055 3203 1162 3258 quo
1195 3189 1485 3256 referatur.
1546 3205 1645 3244 nec
1679 3191 1859 3261 mayis
1961 3191 2087 3257 obo,
2123 3191 2272 3259 quod

192 3302 197 3308 -
225 3261 600 3318 Reitzenstein
618 3261 932 3332 proposm't,
958 3259 1092 3315 haec
1117 3260 1228 3316 duo
1253 3259 1420 3315 verba
1445 3260 1763 3316 adversario
1789 3261 2070 3332 Epicureo
2095 3262 2267 3316 ὑπ’ὑπ-

225 3333 373 3389 enda
409 3349 520 3388 esse
527 3353 551 3400 ;
590 3339 730 3388 certe
762 3330 1108 3387 scribendum
1143 3337 1264 3387 erat
1308 3333 1397 3386 ‘at
1431 3332 1723 3386 inmerito'
1765 3375 1784 3400 ,
1820 3333 1965 3404 quod
2001 3333 2269 3389 Reineelce

223 3404 424 3460 suadet
431 3423 454 3472 ;
478 3404 574 3460 sed
598 3404 686 3459 nil
710 3403 1053 3460 mutandum.
1091 3403 1192 3471 cfr.
1212 3403 1487 3460 Schultess
1511 3404 1662 3460 Ann.
1690 3405 1834 3460 stud.
1863 3421 1923 3474 p.
1955 3409 2026 3460 36
2055 3404 2063 3475 Ι
2095 3403 2196 3471 qui
2214 3407 2269 3455 A

225 3476 355 3545 quis
383 3488 419 3531 s·
453 3482 506 3531 et
530 3476 668 3547 vola.
705 3473 728 3548 ΙΙ
761 3472 834 3530 Β
861 3474 1085 3529 constat
1112 3475 1353 3546 Madviy
1388 3474 1672 3530 constanti
1702 3477 1754 3530 A
1790 3476 2053 3531 constans
2079 3474 2271 3541 Pauly

336 3583 575 3629 Smmm
597 3591 768 3628 στω
791 3583 832 3625 1.
855 3585 895 3624 1.
914 3581 1252 3625 etl-Hennes.
1772 3588 1839 3638 14
