2544 3746
119 1060 174 1099 10

117 1504 174 1545 15

307 116 314 126 ·
432 88 532 142 AD
571 84 1000 143 GALLIONEM
1033 86 1132 142 DE
1169 85 1348 142 VITA
1383 87 1630 142 BEATA
1668 86 1821 143 CAP.
1855 94 1937 143 11.
1972 94 2037 144 12
2120 92 2252 158 207

212 238 280 300 et
312 237 566 299 tantum
602 233 1058 300 acerrimorum
1093 233 1410 317 hostium,
1446 256 1485 299 a
1518 236 1654 299 tam
1682 234 1865 299 molli
1892 234 2253 300 adversario

212 322 468 390 victus?
557 322 576 352 ‘
589 323 900 407 quicquid·
940 323 1242 407 voluptas
1289 323 1563 389 suaserit
1606 322 1840 390 faciet?
1929 345 2075 410 age,
2122 346 2257 389 non

212 413 390 480 vides
440 434 632 497 quam
677 412 882 478 multa
928 433 1192 478 suasura
1251 411 1381 477 sit?
1456 411 1681 477 ‘nihil'
1725 412 1940 498 inquit
1986 413 2257 498 ‘poterit
2292 430 2325 479 2

210 502 490 587 turpiter
535 501 824 586 suadere,
871 502 1024 585 quia
1068 501 1371 568 adiuncta
1413 501 1641 567 virtuti
1686 502 1823 568 est.’
1897 524 2033 568 non
2076 502 2254 567 vides

213 592 471 675 iterum,
537 592 724 675 quale
785 591 870 655 sit
924 612 1248 656 summum
1301 592 1571 675 bonum,
1636 592 1743 657 cui
1780 591 2044 657 custode
2091 613 2253 676 opus

211 685 339 765 est,
381 685 456 745 ut
499 681 743 746 bonum
789 678 916 745 sit?
985 680 1190 753 virtus
1238 684 1453 746 autem
1492 680 1817 765 quomodo
1854 681 2255 767 voluptatem

210 772 422 856 reget,
481 790 674 853 quam
735 770 1050 855 sequitur,
1109 791 1259 835 cum
1306 770 1488 854 sequi
1534 770 1817 855 parentis
1865 770 1975 854 sit,
2034 791 2253 858 regere

212 859 588 944 imperantis
598 858 656 923 ⁶?-
722 882 760 924 a
816 862 1000 944 tergo
1061 858 1250 943 ponis
1298 859 1473 944 quod
1517 857 1833 944 imperat?
1922 860 2253 948 egregium

211 952 428 1014 autem
509 948 706 1014 habet
791 948 994 1014 virtus
1077 952 1236 1033 aput
1311 970 1427 1015 vos
1512 948 1801 1015 officium
1887 950 2253 1035 voluptates

210 1038 652 1124 praegustare!
741 1037 854 1105 sed
910 1037 1287 1122 videbimus,
1343 1060 1451 1122 an,
1508 1041 1667 1123 aput
1714 1060 1875 1123 quos
1920 1042 2055 1103 tam
2106 1059 2255 1104 con-
2292 1056 2323 1106 3

211 1128 553 1193 tumeliose
605 1130 880 1192 tractata
932 1127 1137 1193 virtus
1197 1130 1323 1211 est,
1386 1126 1597 1194 adhuc
1655 1128 1860 1193 virtus
1921 1128 2031 1211 sit,
2091 1148 2253 1212 quae

209 1216 446 1282 habere
480 1235 719 1281 nomen
755 1238 942 1282 suum
979 1237 1114 1281 non
1150 1220 1390 1301 potest,
1438 1216 1493 1282 si
1528 1217 1676 1284 loco
1714 1217 1931 1301 cessit3
1978 1217 2253 1301 interim,

211 1304 290 1371 de
338 1327 465 1389 quo
512 1306 755 1392 agitur,
799 1306 1036 1371 multos
1086 1307 1418 1371 ostendam
1464 1306 1904 1391 voluptatibus
1942 1307 2253 1391 obsessos,

210 1396 282 1459 in
319 1416 480 1478 quos
517 1396 779 1461 fortuna
806 1395 1025 1460 omnia
1049 1418 1317 1461 munera
1353 1418 1470 1461 sua
1505 1395 1755 1479 effudit,
1804 1417 1965 1480 quos
1994 1396 2253 1461 fatearis

209 1505 469 1549 necesse
525 1487 624 1549 est
685 1485 906 1549 malos.
999 1486 1212 1569 aspice
1267 1483 1754 1563 Nomentanum
1812 1489 1877 1551 et
1931 1484 2273 1570 Apicium,·
2291 1503 2324 1551 4

209 1578 525 1638 terrarum
585 1594 660 1639 ac
705 1574 926 1657 maris,
984 1577 1060 1638 ut
1103 1574 1214 1639 isti
1259 1577 1518 1659 vocant,
1578 1575 1749 1640 bona
1794 1575 2253 1659 concoquentis

211 1666 278 1727 et
367 1683 559 1746 super
634 1682 922 1728 mensam
1001 1664 1520 1749 recognoscentis
1601 1664 1889 1729 omnium
1962 1664 2254 1750 gentium

209 1752 541 1836 animalia3
599 1751 745 1817 vide
807 1751 928 1817 hos
987 1752 1244 1818 eosdem
1304 1752 1375 1817 in
1420 1756 1729 1840 suggestu
1772 1773 1957 1818 rosae
2003 1753 2255 1838 despec-

208 1840 408 1906 tantis
463 1840 770 1926 popinam
827 1863 1034 1927 suam,
1099 1863 1283 1907 aures
1330 1863 1563 1909 vocum
1624 1863 1783 1908 sono
1793 1893 1810 1926 ,
1872 1842 2254 1928 spectaculis

210 1930 460 2014 oculos,
522 1931 859 2014 saporibus
905 1931 1195 2014 palatum
1242 1953 1431 1997 suum
1478 1931 1891 2017 delectantes3
1946 1932 2253 1998 mollibus

205 2019 588 2104 lenibusque
666 2020 969 2086 fomentis
1041 2023 1254 2086 totum
1322 2020 1661 2087 lacessitur
1728 2043 1951 2086 eorum
2020 2043 2253 2106 corpus

208 2112 302 2191 et,
364 2130 448 2173 ne
499 2130 686 2174 nares
733 2109 992 2174 interim
1037 2112 1315 2193 cessent,
1378 2110 1681 2176 odoribus
1728 2111 1921 2176 variis
1967 2110 2255 2177 inficitur

206 2198 392 2262 locus
455 2198 623 2282 ipse,
679 2198 748 2262 in
807 2220 935 2282 quo
994 2197 1289 2264 luxuriae
1353 2201 1740 2282 parentatur.
1833 2200 1953 2265 hos
2000 2221 2138 2266 esse
2183 2201 2254 2265 in

208 2287 652 2372 voluptatibus
700 2287 897 2372 dices,
943 2309 1063 2352 nec
1107 2291 1326 2353 tamen
1370 2288 1501 2354 illis
1538 2289 1701 2354 bene
1738 2288 1885 2374 erit,
1933 2288 2085 2373 quia
2118 2310 2254 2354 non

207 2377 382 2442 bono
428 2376 725 2462 gaudent.

335 2485 338 2490 ·
388 2463 530 2530 XII.
605 2465 834 2532 ‘Male'
889 2467 1102 2551 inquit
1161 2466 1323 2532 ‘illis
1380 2465 1529 2550 erit,
1594 2463 1747 2551 quia
1802 2467 2009 2532 multa
2060 2466 2253 2533 inter-
2293 2483 2320 2532 1

206 2553 503 2639 veniunt,
563 2576 724 2639 quae
782 2556 1156 2641 perturbent
1211 2556 1527 2641 animum,
1585 2559 1649 2621 et
1704 2556 2040 2642 opiniones
2086 2556 2253 2622 inter

207 2665 279 2710 se
352 2645 707 2710 contrariae
775 2648 1054 2710 mentem
1123 2645 1613 2730 inquietabunt?
1719 2645 1890 2729 quod
1960 2647 2052 2711 ita
2115 2665 2252 2712 esse

391 2819 424 2874 1
463 2835 498 2874 a
534 2822 654 2874 tam
690 2819 848 2875 molli
878 2821 1071 2876 eret
1120 2835 1195 2874 an
1229 2820 1390 2876 molli
1418 2823 1473 2875 A
1513 2820 1536 2894 ΙΙ
1579 2819 1615 2876 2
1659 2822 1823 2877 verba
1872 2821 2144 2890 quicquid
2182 2862 2196 2877 .
2236 2861 2249 2876 .

207 2889 388 2946 faciet
414 2892 731 2947 adversario
759 2893 952 2948 tribuit
980 2892 1351 2948 Reitzenstein
1375 2892 1397 2966 ΙΙ
1422 2892 1459 2948 5
1488 2892 1779 2947 custodem
1798 2893 1851 2946 A
1876 2891 1897 2966 ΙΙ
1924 2892 1995 2946 15
2022 2908 2251 2948 nomen·

206 2969 408 3019 tanum
447 2963 530 3016 A⁶
578 2963 585 3036 Ι
637 2963 683 3017 8⁶
720 2963 947 3034 apicum
976 2967 1029 3018 A
1065 2980 1202 3020 corr.
1231 2964 1371 3036 volq.
1416 2963 1439 3037 ΙΙ
1487 2963 1559 3020 16
1605 2964 2002 3033 concoquentis
2030 2965 2085 3017 A
2121 2980 2253 3019 con-

209 3032 499 3102 quirentes
534 3035 672 3105 0019.
708 3033 730 3107 ΙΙ
764 3033 835 3090 18
871 3035 1098 3090 eosdem
1135 3051 1166 3090 e
1202 3035 1287 3105 (in
1317 3035 1501 3106 Gertz)
1538 3036 1809 3107 suggestu
1835 3051 1999 3090 rosae
2031 3035 2251 3092 Gronov

210 3105 596 3174 despectantis
643 3105 804 3162 Gertz
858 3122 952 3161 eos
1003 3106 1232 3161 demens
1282 3122 1607 3162 necessus-os
1612 3107 1677 3179 sss
1681 3123 1708 3161 s
1750 3105 1991 3176 ectantis
2034 3106 2115 3160 A¹
2164 3109 2255 3176 (ex

207 3175 390 3232 tribus
424 3176 621 3232 litteris
655 3179 828 3232 erasis
865 3179 1054 3249 prima
1094 3179 1214 3233 sim
1249 3177 1418 3234 dubio
1454 3193 1486 3250 9
1520 3179 1658 3246 fuit,
1774 3195 1840 3233 ae
1873 3177 2118 3248 reliquae
2152 3184 2255 3234 aut

207 3246 276 3300 In
312 3253 414 3302 aut
438 3249 632 3316 potius
667 3247 738 3301 de
771 3248 1025 3316 fuerunt,
1052 3265 1167 3304 non
1194 3251 1288 3320 ex)
1324 3266 1477 3305 nm
1500 3251 1779 3318 emptura
1805 3249 1875 3305 ab
1904 3248 1986 3302 A¹⁵
2011 3255 2253 3306 con-ecta

207 3317 346 3374 haec
380 3323 486 3374 eet.-
531 3318 756 3373 eosdem
794 3321 852 3374 et
887 3335 1238 3374 successuros
1278 3319 1629 3390 expectantis
1666 3319 1705 3447 Η
1745 3318 1817 3375 19
1854 3318 2167 3393 [[11ον00111·
2198 3323 2253 3374 A

209 3392 372 3460 (eras.
401 3390 531 3457 fort.
569 3390 596 3444 t
629 3406 744 3446 non
780 3393 827 3461 s)
863 3390 884 3464 ΙΙ
926 3389 998 3446 28
1033 3390 1136 3446 hos
1171 3392 1309 3462 0019.
1348 3391 1457 3446 hoc
1484 3395 1536 3446 A
1571 3391 1593 3464 ΙΙ
1630 3391 1667 3446 2
1738 3391 1888 3447 inter
1921 3391 2161 3446 ueniunt
2198 3393 2253 3444 A

208 3462 336 3516 -ent
376 3460 556 3517 Gertz.
593 3461 694 3529 cfr.
725 3462 1111 3519 Hammelrath
1148 3463 1344 3534 Proyr.
1375 3463 1689 3522 Emmerioh
1727 3467 1871 3520 1895
1900 3479 1959 3532 p.
1989 3466 2026 3518 6
