2544 3746
250 102 382 169 284
657 98 1031 153 1,.ΑΝΝΑΕΙ
1069 97 1398 153 SENECAE
1436 97 1625 153 mAL.
1655 97 1789 152 Lm.
1816 98 1883 152 x.

180 264 208 311 1
426 244 539 311 IV.
612 244 1084 331 Potentissimis
1129 248 1196 309 et
1239 244 1309 309 in
1355 244 1559 309 altum
1605 244 1872 310 sublatis
1916 245 2285 311 hominibus

247 334 536 401 excidere
590 355 780 401 voces
834 334 1106 418 videbis,
1168 333 1402 417 quibus
1450 334 1655 399 otium
1703 337 1952 418 optent,
2004 334 2284 419 laudent,

248 424 544 490 omnibus
589 423 776 489 bonis
823 424 968 489 suis⁴
1000 423 1380 507 praeferant.
1454 423 1727 507 cupiunt
1760 423 2017 488 interim
2054 446 2133 487 ex
2167 423 2284 489 illo

244 514 509 600 fastigio
570 534 716 597 suc,
775 512 831 578 si
883 515 1026 578 tuto
1080 512 1301 598 liceat,
1354 512 1759 596 descendere3
1806 534 1959 577 nam
2001 516 2077 577 ut
2118 513 2287 579 nihil

247 606 428 667 extra
487 602 763 668 lacessat
824 605 938 667 aut
1000 602 1272 686 quatiat,
1346 601 1416 665 in
1480 624 1547 667 se
1611 602 1753 686 ipsa
1814 601 2075 667 fortuna
2134 602 2283 666 ruit.
2348 619 2374 661 t

175 708 208 756 2
245 692 431 758 divus
477 688 840 777 Augustus,
888 691 994 756 cui
1039 689 1129 755 dii
1173 691 1363 775 plura
1409 712 1603 775 quam
1646 689 1768 755 ulli
1811 691 2285 775 praestiterunt,

243 803 378 847 non
451 780 618 847 desit
695 781 974 864 quietem
1039 780 1164 846 sibi
1225 780 1476 863 precari
1540 783 1606 844 et
1661 781 2063 845 vacationem
2120 802 2161 846 a
2217 801 2287 846 re

244 870 506 954 publica
550 872 794 954 petere;
841 869 1050 935 omnis
1095 870 1232 935 eius
1281 890 1489 934 sermo
1538 869 1617 933 ad
1657 869 1784 934 hoc
1820 891 2070 955 semper
2104 889 2287 935 revo-

243 959 420 1024 l‘utus
471 961 595 1043 est,
651 962 726 1023 ut
779 961 1075 1043 speraret
1108 958 1341 1023 otium:
1400 959 1527 1023 hoc
1570 958 1822 1024 labores
1868 980 2045 1042 suos,
2091 958 2287 1023 etiam

246 1048 302 1114 si
354 1047 548 1131 falso,
604 1047 780 1113 dulci
831 1050 1048 1113 tamen
1103 1047 1466 1113 oblectabat
1511 1047 1779 1131 solaci0,
1823 1047 2171 1131 aliquando
2217 1069 2287 1113 se
2323 1064 2377 1105 ιο

174 1152 205 1200 3
243 1137 567 1202 victurum
619 1136 759 1202 sibi.
843 1136 920 1201 'in
965 1136 1241 1221 quadam
1288 1136 1367 1200 ad
1415 1139 1706 1201 senatum
1752 1136 1948 1212 missa
1991 1136 2288 1221 epistula,

247 1246 394 1291 cum
447 1225 733 1309 requiem
789 1246 972 1292 suam
1023 1247 1158 1290 non
1200 1246 1469 1290 vacuam
1520 1225 1658 1291 fore
1705 1224 2037 1311 dignitatis
2082 1246 2204 1291 nec
2250 1247 2289 1289 a

216 1315 461 1399 'priore
506 1314 715 1401 gloria
759 1314 1228 1399 discrepantem
1258 1314 1602 1398 *pollicitus
1649 1312 1844 1398 esset,
1890 1315 2049 1380 haec
2092 1314 2290 1379 verba

245 1403 488 1469 inveni:
536 1402 556 1433 ‘
569 1404 681 1469 sed
718 1403 843 1469 ista
877 1402 1020 1468 fieri
1056 1403 1408 1488 speciosius
1437 1424 1631 1488 quam
1666 1401 1965 1489 promitti
1994 1407 2285 1489 possunt.

247 1514 348 1558 me
401 1496 620 1558 tamen
673 1492 911 1576 cupide
965 1492 1275 1576 temporis
1334 1493 1720 1577 optatissimi
1765 1492 1928 1557 mihi
1970 1494 2287 1576 provexit,
2322 1508 2374 1550 ιο

246 1585 322 1646 ut
367 1582 672 1666 quoniam
716 1603 932 1647 rerum
963 1581 1224 1647 laetitia
1258 1586 1547 1646 moratur
1583 1581 1816 1664 adhuc,
1852 1582 2289 1667 praeciperem

175 1686 208 1733 4
245 1669 493 1754 aliquid
536 1670 890 1754 voluptatis
937 1692 1017 1735 ex
1058 1671 1406 1735 verborum
1451 1670 1825 1736 dulcedine?
1922 1674 2105 1736 tanta
2149 1671 2289 1736 visa

246 1762 345 1825 est
386 1780 489 1825 res
536 1759 770 1843 otium,
813 1762 888 1825 ut
931 1760 1138 1844 illam,
1187 1760 1341 1844 quia
1384 1782 1506 1825 usu
1547 1782 1683 1825 non
1726 1763 2006 1844 poterat,
2046 1759 2289 1846 cogita-

244 1848 422 1916 tione
467 1852 914 1934 praesumeret.
996 1849 1109 1933 qui
1154 1849 1375 1916 omnia
1417 1848 1676 1938 videbat
1720 1871 1799 1914 ex
1845 1871 1913 1916 se
1956 1870 2087 1916 uno
2135 1871 2289 1935 pen-

247 1938 464 2004 dent1a
470 1988 489 2023 ,
553 1939 667 2023 qui
732 1938 1103 2010 hominibus
1178 1939 1603 2024 gentibusque
1676 1939 2003 2004 fortunam
2076 1939 2288 2023 dabat,
2320 1955 2372 1996 ω

243 2027 431 2092 illum
491 2027 662 2092 diem
711 2026 1106 2094 laetissimus
1171 2027 1523 2113 cogitabat,
1588 2049 1716 2111 quo
1776 2028 2286 2113 magnitudinem

144 2174 148 2178 .
245 2136 429 2181 suam
487 2120 762 2182 exueret.
855 2119 1154 2200 expertus
1215 2120 1379 2200 erat,
1439 2121 1751 2202 quantum
1797 2117 1912 2181 illa
1954 2118 2126 2182 bona
2145 2144 2147 2146 ’
2169 2138 2287 2202 per

247 2205 455 2281 omnis
519 2208 720 2271 terras
783 2205 1100 2292 fulgentia
1157 2205 1409 2271 sudoris
1470 2206 1924 2290 exprimerent,
1972 2211 2285 2290 quantum

177 2309 209 2356 5
247 2294 644 2360 occultarum
707 2293 1215 2360 sollicitudinum
1274 2298 1589 2380 tegerent:
1651 2317 1799 2361 cum
1853 2295 2101 2360 civibus
2156 2295 2287 2379 pri-

246 2404 450 2466 mum,
515 2380 740 2448 deinde
805 2404 952 2448 cum
1015 2383 1309 2470 collegis,
1366 2384 1713 2450 novissime
1768 2405 1917 2449 cum
1963 2384 2285 2450 adfinibus
2320 2399 2370 2440 ²⁵

247 2474 506 2536 coactus
553 2473 746 2538 armis
782 2471 1118 2538 decernere
1154 2473 1319 2538 mari
1352 2476 1648 2558 terraque
1684 2472 2058 2558 sanguinem
2097 2473 2283 2538 fudit.

246 2582 361 2664 per
406 2560 874 2644 Macedoniam,
921 2559 1233 2644 Siciliam,
1279 2560 1679 2648 Aegyptum,
1736 2559 1989 2646 Syriam
2033 2559 2284 2626 Asiam·

248 2670 372 2733 que
435 2653 502 2714 et
564 2649 772 2716 omnis
834 2671 1038 2734 prope
1109 2671 1253 2715 oras
1327 2651 1498 2716 bello
1571 2652 1927 2716 circuactus
1991 2647 2287 2715 Romana

248 2737 438 2803 caede
481 2737 687 2804 lassos
734 2738 1048 2804 exercitus
1094 2739 1175 2805 ad
1220 2743 1483 2804 externa
1518 2739 1688 2804 bella
1724 2737 2055 2804 convertit
2130 2738 2284 2803 dum

246 2824 448 2910 Alpes
485 2830 676 2911 pacat
710 2826 1166 2911 immixtosque
1202 2827 1447 2893 mediae
1483 2829 1628 2911 paci
1664 2831 1731 2892 et
1765 2827 2034 2912 imperio
2063 2827 2283 2893 hostes
2319 2843 2369 2882 ω

248 2914 610 3001 perdomat,
673 2916 826 2981 dum
888 2916 992 2981 vel
1054 2916 1243 2980 ultra.
1290 2914 1587 2980 Rhenum
1652 2919 1717 2981 et
1776 2915 2156 3000 Euphraten
2218 2919 2286 2980 et

427 3107 464 3160 5
499 3107 560 3161 in
587 3123 646 3162 se
675 3119 709 3161 ς
743 3107 863 3161 inte
889 3109 946 3162 A
979 3107 1001 3179 ΙΙ
1033 3107 1072 3162 6
1097 3123 1212 3175 qua
1238 3105 1383 3160 nulli
1408 3108 1466 3162 A
1502 3124 1640 3163 corr.
1667 3108 1805 3179 volq.
1877 3108 2285 3176 praestiterant

251 3176 416 3232 Gertz
441 3177 472 3261 ΙΙ
505 3175 542 3230 9
579 3179 833 3246 speraret
869 3180 915 3247 (t
940 3180 1004 3232 im
1028 3195 1138 3234 ras.
1172 3195 1279 3247 pro
1307 3181 1355 3246 s)
1381 3179 1437 3233 A
1466 3185 1596 3248 post
1619 3179 1719 3234 hoc
1743 3196 1835 3234 ver
1908 3197 1963 3234 m
1988 3179 2285 3234 inserenda

251 3263 360 3301 esse
401 3263 428 3302 ε
429 3240 734 3318 mificavit
772 3247 858 3304 A¹
901 3248 1093 3303 otium.
1163 3249 1269 3303 hoc
1315 3248 1564 3318 labores,
1608 3267 1751 3320 quae
1792 3252 1954 3307 verba
1998 3252 2062 3306 in
2110 3267 2283 3321 πηνα.

253 3387 324 3442 ΙΒ
249 3264 702 3444 mmai-‚13¹5
714 3318 905 3444 {1334
914 3321 1118 3447 gregr.
1119 3323 1268 3463 2022.
1300 3320 1308 3394 1
1314 3317 1448 3464 ple?
1449 3291 2042 3466 ξιῖιόἧχ811ἕιιίιιῖίέἰ(ῗιῖ.
2052 3321 2287 3463 lgm!

254 3458 448 3514 Muret
471 3459 492 3532 ΙΙ
515 3458 589 3515 80
604 3463 779 3529 pacat
796 3475 830 3516 ς
856 3460 1048 3530 placat
1065 3464 1121 3518 A
1138 3462 1159 3536 Η
1183 3462 1254 3519 81
1276 3464 1411 3520 dum
1438 3464 1529 3520 vel
1550 3465 1712 3522 Gertz
1740 3467 1817 3521 du
1831 3468 1900 3520 ut
1915 3467 1972 3522 A
1992 3465 2127 3520 dum
2143 3465 2279 3536 volq.

2504 3467 2506 3543 Ν
