2544 3746
154 1084 216 1131 '10

158 1552 212 1594 15

155 1999 213 2040 80

506 116 607 171 AD
643 115 1024 172 POLYBIVM
1059 116 1158 171 DE
1195 115 1751 173 CONSOLATIONE
1789 115 1943 173 cAP.
1977 123 2042 173 12
2162 120 2290 186 327

256 259 714 329 difficillimum
761 268 926 348 erat,
971 283 1192 330 omnes
1230 262 1502 328 virtutes
1538 260 1609 327 in
1644 261 1921 328 alienam
1957 266 2036 328 te
2060 262 2293 329 oratio-

253 375 405 419 nem
449 355 704 418 secutae
748 354 882 419 sint
919 375 1032 417 -.--:
1075 352 1319 417 nullus·
1344 352 1467 417 erit
1513 350 1585 417 in
1630 351 1759 417 illis
1808 351 2064 437 scriptis
2109 352 2295 439 liber,

255 442 370 527 qui
438 462 574 507 non
644 442 926 526 plurima
995 440 1327 507 varietatis
1389 439 1709 506 humanae
1772 440 2293 525 incertorumque

255 552 521 597 casuum
578 534 644 597 et
685 531 1097 597 lacrimarum
1144 552 1224 596 ex
1267 530 1399 596 alia
1442 532 1637 615 atque
1683 530 1811 595 alia
1856 551 2048 597 causa
2092 530 2291 596 fiuen-

252 620 420 685 tium
475 620 770 705 exempla
821 620 945 686 tibi
989 622 1310 707 suggerat.
1401 619 1572 705 lege,
1630 622 1872 703 quanto
1920 618 2153 704 spiritu
2198 619 2293 683 in·
2332 636 2365 684 6

255 708 556 795 gentibus
608 708 966 775 intonueris
1020 708 1261 775 verbis:
1316 707 1588 793 pudebit
1638 711 1705 773 te
1760 707 1975 774 subito
2022 706 2293 774 deficere

254 802 322 863 et
365 820 446 865 ex
489 801 674 863 tanta
717 798 1028 864 orationis
1066 798 1512 885 magnitudine
1547 796 1913 863 desciscere.
2002 818 2087 863 ne
2123 818 2293 863 com-

252 886 530 972 miseris,
583 889 661 951 ut
716 887 1007 973 quisquis
1067 886 1449 973 exemplaris
1496 885 1690 952 modo
1738 885 1989 972 scripta
2020 890 2134 952 tua
2178 887 2293 950 mi-

251 976 519 1042 rabatur
572 980 840 1061 quaerat
895 977 1218 1060 quomodo
1272 980 1409 1042 tam
1465 976 1737 1063 grandia
1779 978 2042 1060 tamque
2087 974 2295 1042 solida

251 1070 388 1131 tam
431 1064 682 1152 fragilis
727 1065 981 1133 animus
1026 1065 1410 1151 conceperit.
1934 1106 1937 1108 Δ

431 1169 577 1237 ΧΠ.
647 1171 875 1238 Potius
928 1173 1009 1239 ab
1063 1172 1206 1239 istis
1261 1176 1358 1257 te,
1412 1192 1575 1257 quae
1618 1167 1953 1257 torquent,
2006 1171 2089 1237 ad
2131 1168 2293 1237 haec
2332 1187 2361 1236 1

251 1264 354 1328 tot
415 1264 483 1327 et
540 1264 747 1346 tanta,
811 1284 976 1347 quae
1040 1262 1486 1346 consolantur,
1550 1263 1851 1335 converte
1910 1282 1987 1327 ac
2045 1260 2293 1345 respice

253 1350 536 1435 optimos
595 1350 856 1436 fratres,
911 1351 1158 1436 respice
1215 1372 1512 1435 uxorem,
1572 1350 1782 1415 fllium
1839 1349 2112 1436 respice:
2172 1371 2291 1435 pro

251 1440 542 1505 omnium
587 1439 822 1505 horum
867 1440 1074 1505 salute
1119 1440 1242 1506 hac
1286 1443 1503 1506 tecum
1547 1438 1848 1524 portione
1891 1437 2153 1505 fortuna
2190 1439 2295 1516 de-

251 1527 426 1594 cidit.
517 1529 759 1594 multos
817 1528 1045 1613 habes,
1101 1529 1172 1594 in
1233 1528 1469 1615 quibus
1516 1527 1907 1611 adquiescas.
1998 1525 2163 1613 [31]
2210 1526 2291 1591 ab

248 1617 374 1684 hac
418 1620 483 1683 te
519 1616 788 1683 infamia
821 1618 1102 1703 vindica,
1149 1639 1233 1684 ne
1269 1618 1563 1683 videatur
1598 1616 1898 1682 omnibus
1935 1616 2085 1701 plus
2120 1615 2291 1701 apud

248 1711 317 1772 te
376 1707 591 1772 valere
648 1727 818 1773 unus
877 1706 1066 1774 dolor
1123 1728 1320 1793 quam
1376 1705 1539 1772 haec
1591 1709 1727 1771 tam
1783 1706 1991 1771 multa
2034 1704 2289 1772 solacia.

252 1795 463 1861 omnis
517 1796 678 1861 istos
733 1816 864 1861 una
907 1799 1124 1862 tecum
1169 1796 1503 1882 perculsos
1548 1794 1727 1861 vides
1771 1815 1893 1861 nec
1936 1815 2127 1880 posse
2170 1794 2292 1860 tibi
2328 1810 2361 1859 a

252 1885 617 1970 subvenire,
677 1884 876 1951 immo
933 1886 1128 1952 etiam
1182 1887 1357 1952 ultro
1412 1887 1776 1970 expectare,
1831 1888 1910 1950 ut
1952 1906 1993 1949 a
2034 1887 2101 1952 te
2145 1883 2295 1950 sub-

248 1977 575 2059 leventur,
617 1974 970 2062 intellegis3
1017 1978 1084 2041 et
1127 1974 1272 2040 ideo
1322 1978 1564 2058 quanto
1611 1974 1826 2054 minus
1870 1973 1941 2038 in
1976 1973 2107 2039 illis
2146 1972 2293 2040 doc-

249 2063 458 2130 trinae
511 2063 853 2148 minusque
907 2063 1155 2150 ingenii
1209 2066 1335 2148 est,
1387 2067 1572 2129 tanto
1617 2063 1824 2149 magis
1872 2062 2183 2128 obsistere
2226 2066 2291 2128 te

248 2173 508 2220 necesse
544 2156 664 2220 est·
681 2154 1008 2219 communi
1035 2153 1225 2219 malo.
1302 2156 1402 2220 est
1428 2155 1644 2220 autem
1670 2153 1797 2219 hoc
1823 2152 2039 2238 ipsum
2066 2151 2293 2218 solacii

247 2244 425 2327 1000,
480 2243 652 2308 inter
709 2242 951 2308 multos
1009 2242 1301 2310 dolorem'
1355 2263 1545 2309 suum
1600 2240 1911 2326 dividere;
1971 2241 2085 2326 qui
2140 2241 2293 2327 quia

249 2331 659 2416 dispensatur
711 2331 881 2397 inter
933 2332 1180 2417 plures,
1235 2333 1471 2419 exigua
1524 2331 1717 2397 debet
1769 2330 1943 2415 apud
1996 2334 2063 2396 te
2108 2335 2292 2416 parte

249 2419 594 2490 subsidere.
682 2441 818 2486 non
874 2420 1163 2486 desinam
1207 2421 1445 2488 totiens
1489 2421 1611 2487 tibi
1657 2421 1884 2486 offerre
1931 2417 2291 2493 Caesarem:
2329 2435 2361 2484 8

246 2509 364 2576 illo
403 2509 775 2575 moderante
810 2514 1012 2576 terras
1050 2515 1116 2576 et
1152 2510 1530 2576 ostendente
1568 2513 1811 2594 quanto
1848 2508 2078 2577 melius
2104 2509 2291 2574 bene-

427 2702 847 2759 luirtutesB
895 2707 1042 2759 m.2
1088 2704 1537 2760 immae-,DE
1580 2698 2115 2758 turtureani'.1
2166 2717 2291 2757 cur-

246 2775 435 2829 rentes
464 2774 537 2829 Η
558 2790 792 2830 veneres
827 2776 966 2830 coni.
995 2775 1222 2831 Fickert
1244 2774 1271 2858 fl
1367 2773 1554 2829 nullus
1584 2773 1693 2830 erit
1717 2774 1854 2844 voly.
1884 2773 2072 2827 nullus
2100 2775 2223 2832 erat
2248 2774 2296 2830 0

247 2843 422 2900 nullis
458 2847 583 2909 erat
609 2847 682 2900 H
720 2845 742 2918 ΙΙ
788 2844 825 2901 5
869 2847 1083 2916 quanto
1121 2845 1327 2916 spirrtu
1353 2845 1473 2900 ΠΒ
1510 2863 1579 2900 m.
1606 2849 1645 2900 2
1689 2845 1906 2913 quanta
1942 2843 2206 2914 spiritum
2233 2845 2290 2899 Β

245 2933 320 2972 m.
349 2921 384 2970 1
411 2917 484 2970 H
519 2916 540 2989 Η
586 2915 624 2970 6
661 2915 846 2972 verbis
874 2916 1114 2988 Bentley
1146 2915 1320 2971 rebus
1350 2917 1396 2973 Ο
1435 2917 1711 2985 quantum
1748 2915 2011 2985 spiritum
2046 2914 2290 2986 lugenti·

245 2985 354 3042 bus
391 2987 703 3042 intonueris
739 2987 1005 3044 heroibus
1043 2989 1183 3044 emti.
1217 2987 1491 3044 Schultess
1532 2985 1555 3061 ΙΙ
1601 2988 1629 3043 7
1669 3003 1739 3042 ex
1772 2988 1939 3042 tanta
1972 2986 2019 3043 O
2054 3002 2091 3041 a
2124 2988 2291 3042 tanta

251 3057 459 3114 Gruter
498 3058 505 3131 Ι
547 3058 857 3115 desciscere
890 3059 938 3116 0
972 3059 1233 3115 decidere
1267 3059 1406 3130 vola.
1447 3058 1767 3114 decrescere
1806 3058 2037 3115 Wolters
2069 3058 2091 3132 ΙΙ
2125 3057 2162 3113 8
2198 3073 2291 3112 ex-

247 3146 340 3186 em
380 3128 516 3185 laris
553 3130 722 3186 modo
759 3130 1030 3187 Schultess
1074 3130 1328 3201 exemplo
1368 3144 1436 3185 ac
1470 3129 1638 3186 modo
1665 3131 1723 3186 Β
1737 3129 1789 3186 G
1802 3131 1857 3186 V
1892 3128 2147 3200 exemplo
2190 3131 2292 3184 aut

245 3218 342 3257 mo
383 3217 416 3256 ο
455 3202 504 3258 0
543 3204 804 3273 exempto
840 3201 1008 3258 modo
1054 3204 1114 3274 (i.
1143 3219 1186 3259 e.
1226 3202 1349 3257 sine
1382 3202 1572 3273 modo)
1609 3202 1850 3272 Madvig
1892 3217 1995 3270 pro
2033 3200 2289 3269 exemplo

249 3288 321 3327 ac
345 3272 514 3327 modo
543 3275 704 3329 Koch
735 3273 742 3346 Ι
772 3273 1090 3329 mirabatur
1113 3277 1178 3330 in
1203 3291 1377 3345 mar-9.
1398 3275 1455 3329 Β
1482 3280 1535 3329 et
1558 3273 1695 3344 voly.
1723 3271 2025 3327 mirabitur
2041 3272 2300 3328 DHGV

247 3342 589 3398 mirabiliter
614 3344 671 3399 Β
707 3343 1052 3400 mirabilitur
1079 3345 1144 3400 E
1171 3344 1179 3418 1
1228 3344 1301 3399 16
1336 3343 1596 3400 omnibus
1630 3345 1676 3401 Ο
1708 3341 2032 3399 hominibus
2073 3341 2236 3398 Gertz
2271 3341 2291 3412 Η

249 3414 323 3470 18
347 3415 636 3484 perculsos
653 3415 777 3470 BE
804 3415 1149 3485 periculosos
1231 3417 1303 3472 H
1319 3415 1341 3489 ΙΙ
1369 3415 1443 3471 24
1466 3415 1657 3486 plures
1675 3416 1733 3471 Β
1758 3414 1925 3486 plura
1946 3411 2131 3487 (71125
2158 3410 2289 3466 sub-

249 3485 434 3542 sidere
461 3488 519 3542 B
555 3485 860 3543 subsistere
897 3488 947 3545 C'
