<?xml version="1.0" encoding="UTF-8"?>
<!DOCTYPE html PUBLIC "-//W3C//DTD XHTML 1.0 Transitional//EN"
    "http://www.w3.org/TR/xhtml1/DTD/xhtml1-transitional.dtd">
<html xmlns="http://www.w3.org/1999/xhtml" xml:lang="en" lang="en">
 <head>
  <title>
</title>
<meta http-equiv="Content-Type" content="text/html;charset=utf-8" />
  <meta name='ocr-system' content='tesseract 3.04.00' />
  <meta name='ocr-capabilities' content='ocr_page ocr_carea ocr_par ocr_line ocrx_word'/>
</head>
<body>
  <div class='ocr_page' id='page_1' title='image "./lannaeisenecaeo01unkngoog_0356.png"; bbox 0 0 2544 3746; ppageno 0'>
   <div class='ocr_carea' id='block_1_1' title="bbox 237 69 1890 144">
    <p class='ocr_par' dir='ltr' id='par_1_1' title="bbox 237 69 1890 144">
     <span class='ocr_line' id='line_1_1' title="bbox 237 69 1890 144; baseline -0.005 -11"><span class='ocrx_word' id='word_1_1' title='bbox 237 76 369 144; x_wconf 80' lang='grc'><strong>332</strong></span> <span class='ocrx_word' id='word_1_2' title='bbox 631 73 692 129; x_wconf 88' lang='lat' dir='ltr'><strong>L.</strong></span> <span class='ocrx_word' id='word_1_3' title='bbox 722 71 1008 127; x_wconf 77' lang='lat' dir='ltr'>ANNAEI</span> <span class='ocrx_word' id='word_1_4' title='bbox 1043 69 1375 127; x_wconf 78' lang='lat' dir='ltr'>SENECAE</span> <span class='ocrx_word' id='word_1_5' title='bbox 1410 70 1603 125; x_wconf 82' lang='lat' dir='ltr'>DIAL.</span> <span class='ocrx_word' id='word_1_6' title='bbox 1630 70 1766 125; x_wconf 88' lang='lat' dir='ltr'><strong>LIB.</strong></span> <span class='ocrx_word' id='word_1_7' title='bbox 1794 69 1890 125; x_wconf 88' lang='lat' dir='ltr'><strong>XI.</strong></span> 
     </span>
    </p>
   </div>
   <div class='ocr_carea' id='block_1_2' title="bbox 208 216 2385 2694">
    <p class='ocr_par' dir='ltr' id='par_1_2' title="bbox 208 216 2385 2694">
     <span class='ocr_line' id='line_1_2' title="bbox 240 216 2285 304; baseline -0.001 -19"><span class='ocrx_word' id='word_1_8' title='bbox 240 220 470 285; x_wconf 73' lang='lat' dir='ltr'><strong>simam</strong></span> <span class='ocrx_word' id='word_1_9' title='bbox 531 221 598 285; x_wconf 86' lang='lat' dir='ltr'><strong>et</strong></span> <span class='ocrx_word' id='word_1_10' title='bbox 652 240 737 284; x_wconf 92' lang='lat' dir='ltr'><strong>ne</strong></span> <span class='ocrx_word' id='word_1_11' title='bbox 795 217 856 284; x_wconf 90' lang='lat' dir='ltr'><strong>ei</strong></span> <span class='ocrx_word' id='word_1_12' title='bbox 915 217 1178 301; x_wconf 87' lang='lat' dir='ltr'><strong>quidem</strong></span> <span class='ocrx_word' id='word_1_13' title='bbox 1222 239 1440 284; x_wconf 85' lang='lat' dir='ltr'><strong>rerum</strong></span> <span class='ocrx_word' id='word_1_14' title='bbox 1483 220 1716 282; x_wconf 77' lang='lat' dir='ltr'><strong>natura</strong></span> <span class='ocrx_word' id='word_1_15' title='bbox 1756 216 2026 304; x_wconf 86' lang='lat' dir='ltr'><strong>lugendi</strong></span> <span class='ocrx_word' id='word_1_16' title='bbox 2068 237 2285 283; x_wconf 86' lang='lat' dir='ltr'><strong>neces-</strong></span> 
     </span>
     <span class='ocr_line' id='line_1_3' title="bbox 237 305 2285 391; baseline -0.001 -16"><span class='ocrx_word' id='word_1_17' title='bbox 237 310 497 375; x_wconf 80' lang='lat' dir='ltr'><strong>sitatem</strong></span> <span class='ocrx_word' id='word_1_18' title='bbox 551 306 847 391; x_wconf 76' lang='lat' dir='ltr'><strong>abstulit,</strong></span> <span class='ocrx_word' id='word_1_19' title='bbox 903 307 1010 373; x_wconf 89' lang='lat' dir='ltr'><strong>cui</strong></span> <span class='ocrx_word' id='word_1_20' title='bbox 1063 308 1314 373; x_wconf 76' lang='lat' dir='ltr'><strong>eaelum</strong></span> <span class='ocrx_word' id='word_1_21' title='bbox 1369 306 1829 390; x_wconf 78' lang='lat' dir='ltr'><strong>destinaverat,</strong></span> <span class='ocrx_word' id='word_1_22' title='bbox 1880 305 2081 372; x_wconf 90' lang='lat' dir='ltr'><strong>immo</strong></span> <span class='ocrx_word' id='word_1_23' title='bbox 2128 327 2285 373; x_wconf 81' lang='lat' dir='ltr'><strong>vero</strong></span> 
     </span>
     <span class='ocr_line' id='line_1_4' title="bbox 237 394 2291 483; baseline -0.002 -19"><span class='ocrx_word' id='word_1_24' title='bbox 237 399 409 464; x_wconf 89' lang='lat' dir='ltr'><strong>idem</strong></span> <span class='ocrx_word' id='word_1_25' title='bbox 455 398 634 464; x_wconf 91' lang='lat' dir='ltr'><strong>omni</strong></span> <span class='ocrx_word' id='word_1_26' title='bbox 681 417 912 483; x_wconf 83' lang='lat' dir='ltr'><strong>genere</strong></span> <span class='ocrx_word' id='word_1_27' title='bbox 957 395 1254 462; x_wconf 73' lang='lat' dir='ltr'><strong>orbitatis</strong></span> <span class='ocrx_word' id='word_1_28' title='bbox 1300 398 1569 462; x_wconf 78' lang='lat' dir='ltr'><strong>vexatus</strong></span> <span class='ocrx_word' id='word_1_29' title='bbox 1614 394 1855 461; x_wconf 88' lang='lat' dir='ltr'><strong>sororis</strong></span> <span class='ocrx_word' id='word_1_30' title='bbox 1899 395 2109 462; x_wconf 86' lang='lat' dir='ltr'><strong>filium</strong></span> <span class='ocrx_word' id='word_1_31' title='bbox 2144 416 2291 462; x_wconf 87' lang='lat' dir='ltr'><strong>sue-.</strong></span> 
     </span>
     <span class='ocr_line' id='line_1_5' title="bbox 237 484 2286 572; baseline -0.001 -17"><span class='ocrx_word' id='word_1_32' title='bbox 237 487 513 556; x_wconf 74' lang='lat' dir='ltr'>cessioni</span> <span class='ocrx_word' id='word_1_33' title='bbox 548 490 1000 571; x_wconf 74' lang='lat' dir='ltr'><strong>praeparatum</strong></span> <span class='ocrx_word' id='word_1_34' title='bbox 1037 506 1191 552; x_wconf 79' lang='lat' dir='ltr'><strong>suae</strong></span> <span class='ocrx_word' id='word_1_35' title='bbox 1224 484 1535 572; x_wconf 81' lang='lat' dir='ltr'><strong>perdidit3</strong></span> <span class='ocrx_word' id='word_1_36' title='bbox 1570 484 1848 569; x_wconf 85' lang='lat' dir='ltr'><strong>denique</strong></span> <span class='ocrx_word' id='word_1_37' title='bbox 1882 506 1966 551; x_wconf 92' lang='lat' dir='ltr'><strong>ne</strong></span> <span class='ocrx_word' id='word_1_38' title='bbox 1992 484 2286 572; x_wconf 79' lang='lat' dir='ltr'><strong>singulos</strong></span> 
     </span>
     <span class='ocr_line' id='line_1_6' title="bbox 239 574 2377 662; baseline -0 -20"><span class='ocrx_word' id='word_1_39' title='bbox 239 578 377 643; x_wconf 89' lang='lat' dir='ltr'><strong>eius</strong></span> <span class='ocrx_word' id='word_1_40' title='bbox 421 577 639 649; x_wconf 84' lang='lat' dir='ltr'><strong>luctus</strong></span> <span class='ocrx_word' id='word_1_41' title='bbox 685 596 1081 660; x_wconf 81' lang='lat' dir='ltr'>enumerem,</span> <span class='ocrx_word' id='word_1_42' title='bbox 1126 578 1192 639; x_wconf 87' lang='lat' dir='ltr'><strong>et</strong></span> <span class='ocrx_word' id='word_1_43' title='bbox 1235 595 1506 662; x_wconf 83' lang='lat' dir='ltr'><strong>generos</strong></span> <span class='ocrx_word' id='word_1_44' title='bbox 1544 575 1657 639; x_wconf 86' lang='lat' dir='ltr'><strong>ille</strong></span> <span class='ocrx_word' id='word_1_45' title='bbox 1693 574 1913 640; x_wconf 81' lang='lat' dir='ltr'><strong>amisit</strong></span> <span class='ocrx_word' id='word_1_46' title='bbox 1947 577 2013 639; x_wconf 86' lang='lat' dir='ltr'><strong>et</strong></span> <span class='ocrx_word' id='word_1_47' title='bbox 2044 574 2285 641; x_wconf 87' lang='lat' dir='ltr'><strong>liberos</strong></span> <span class='ocrx_word' id='word_1_48' title='bbox 2348 592 2377 633; x_wconf 77' lang='lat'>⁵</span> 
     </span>
     <span class='ocr_line' id='line_1_7' title="bbox 239 663 2352 750; baseline -0 -18"><span class='ocrx_word' id='word_1_49' title='bbox 239 670 306 732; x_wconf 90' lang='lat' dir='ltr'><strong>et</strong></span> <span class='ocrx_word' id='word_1_50' title='bbox 367 667 662 750; x_wconf 75' lang='lat' dir='ltr'><strong>nepotes,</strong></span> <span class='ocrx_word' id='word_1_51' title='bbox 726 685 802 730; x_wconf 82' lang='lat' dir='ltr'><strong>ac</strong></span> <span class='ocrx_word' id='word_1_52' title='bbox 863 685 1055 729; x_wconf 90' lang='lat' dir='ltr'><strong>nemo</strong></span> <span class='ocrx_word' id='word_1_53' title='bbox 1119 664 1329 750; x_wconf 76' lang='lat' dir='ltr'><strong>magis</strong></span> <span class='ocrx_word' id='word_1_54' title='bbox 1393 685 1474 729; x_wconf 89' lang='lat' dir='ltr'><strong>ex</strong></span> <span class='ocrx_word' id='word_1_55' title='bbox 1537 663 1838 729; x_wconf 89' lang='lat' dir='ltr'><strong>omnibus</strong></span> <span class='ocrx_word' id='word_1_56' title='bbox 1903 664 2287 730; x_wconf 80' lang='lat' dir='ltr'><strong>mortalibus</strong></span> <span class='ocrx_word' id='word_1_57' title='bbox 2348 728 2352 732; x_wconf 83' lang='grc'><strong>,</strong></span> 
     </span>
     <span class='ocr_line' id='line_1_8' title="bbox 237 752 2287 837; baseline -0 -18"><span class='ocrx_word' id='word_1_58' title='bbox 237 754 567 821; x_wconf 89' lang='lat' dir='ltr'><strong>hominem</strong></span> <span class='ocrx_word' id='word_1_59' title='bbox 641 774 779 820; x_wconf 90' lang='lat' dir='ltr'><strong>esse</strong></span> <span class='ocrx_word' id='word_1_60' title='bbox 853 774 949 837; x_wconf 87' lang='lat' dir='ltr'><strong>se,</strong></span> <span class='ocrx_word' id='word_1_61' title='bbox 1021 752 1178 818; x_wconf 88' lang='lat' dir='ltr'><strong>dum</strong></span> <span class='ocrx_word' id='word_1_62' title='bbox 1239 754 1412 819; x_wconf 88' lang='lat' dir='ltr'><strong>inter</strong></span> <span class='ocrx_word' id='word_1_63' title='bbox 1470 752 1767 819; x_wconf 88' lang='lat' dir='ltr'><strong>homines</strong></span> <span class='ocrx_word' id='word_1_64' title='bbox 1832 756 1994 837; x_wconf 79' lang='lat' dir='ltr'><strong>erat,</strong></span> <span class='ocrx_word' id='word_1_65' title='bbox 2068 752 2287 820; x_wconf 84' lang='lat' dir='ltr'><strong>sensit.</strong></span> 
     </span>
     <span class='ocr_line' id='line_1_9' title="bbox 237 841 2289 928; baseline -0.001 -18"><span class='ocrx_word' id='word_1_66' title='bbox 237 847 456 910; x_wconf 78' lang='lat' dir='ltr'><strong>temen</strong></span> <span class='ocrx_word' id='word_1_67' title='bbox 500 845 604 908; x_wconf 88' lang='lat' dir='ltr'><strong>tot</strong></span> <span class='ocrx_word' id='word_1_68' title='bbox 645 846 995 928; x_wconf 81' lang='lat' dir='ltr'><strong>tantosque</strong></span> <span class='ocrx_word' id='word_1_69' title='bbox 1037 842 1254 909; x_wconf 85' lang='lat' dir='ltr'><strong>luctus</strong></span> <span class='ocrx_word' id='word_1_70' title='bbox 1302 842 1475 927; x_wconf 89' lang='lat' dir='ltr'><strong>cepit</strong></span> <span class='ocrx_word' id='word_1_71' title='bbox 1516 864 1733 907; x_wconf 88' lang='lat' dir='ltr'><strong>rerum</strong></span> <span class='ocrx_word' id='word_1_72' title='bbox 1770 841 2063 909; x_wconf 90' lang='lat' dir='ltr'><strong>omnium</strong></span> <span class='ocrx_word' id='word_1_73' title='bbox 2100 863 2289 926; x_wconf 75' lang='lat' dir='ltr'><strong>capa-</strong></span> 
     </span>
     <span class='ocr_line' id='line_1_10' title="bbox 239 929 2290 1018; baseline -0.001 -19"><span class='ocrx_word' id='word_1_74' title='bbox 239 933 571 999; x_wconf 87' lang='lat' dir='ltr'><strong>cissimum</strong></span> <span class='ocrx_word' id='word_1_75' title='bbox 629 931 767 998; x_wconf 90' lang='lat' dir='ltr'><strong>eius</strong></span> <span class='ocrx_word' id='word_1_76' title='bbox 827 936 1054 1017; x_wconf 87' lang='lat' dir='ltr'><strong>pectus</strong></span> <span class='ocrx_word' id='word_1_77' title='bbox 1113 931 1451 1015; x_wconf 78' lang='lat' dir='ltr'><strong>victorque</strong></span> <span class='ocrx_word' id='word_1_78' title='bbox 1511 931 1697 996; x_wconf 80' lang='lat' dir='ltr'><strong>divus</strong></span> <span class='ocrx_word' id='word_1_79' title='bbox 1756 929 2093 1018; x_wconf 84' lang='lat' dir='ltr'><strong>Augustus</strong></span> <span class='ocrx_word' id='word_1_80' title='bbox 2152 953 2290 998; x_wconf 92' lang='lat' dir='ltr'><strong>non</strong></span> 
     </span>
     <span class='ocr_line' id='line_1_11' title="bbox 238 1020 2383 1109; baseline -0.001 -21"><span class='ocrx_word' id='word_1_81' title='bbox 238 1023 530 1109; x_wconf 82' lang='lat' dir='ltr'><strong>gentium</strong></span> <span class='ocrx_word' id='word_1_82' title='bbox 582 1021 1036 1087; x_wconf 80' lang='lat' dir='ltr'><strong>tantummodo</strong></span> <span class='ocrx_word' id='word_1_83' title='bbox 1091 1024 1529 1105; x_wconf 77' lang='lat' dir='ltr'><strong>externarum,</strong></span> <span class='ocrx_word' id='word_1_84' title='bbox 1582 1021 1695 1086; x_wconf 88' lang='lat' dir='ltr'><strong>sed</strong></span> <span class='ocrx_word' id='word_1_85' title='bbox 1748 1021 1943 1086; x_wconf 79' lang='lat' dir='ltr'><strong>etiam</strong></span> <span class='ocrx_word' id='word_1_86' title='bbox 1989 1020 2291 1086; x_wconf 87' lang='lat' dir='ltr'><strong>dolorum</strong></span> <span class='ocrx_word' id='word_1_87' title='bbox 2328 1039 2383 1079; x_wconf 82' lang='grc' dir='ltr'><strong>ιο</strong></span> 
     </span>
     <span class='ocr_line' id='line_1_12' title="bbox 241 1108 2293 1209; baseline -0.001 -32"><span class='ocrx_word' id='word_1_88' title='bbox 241 1112 384 1177; x_wconf 89' lang='lat' dir='ltr'><strong>fuit.</strong></span> <span class='ocrx_word' id='word_1_89' title='bbox 477 1108 674 1177; x_wconf 76' lang='lat' dir='ltr'><strong>Gaius</strong></span> <span class='ocrx_word' id='word_1_90' title='bbox 713 1108 974 1195; x_wconf 77' lang='lat' dir='ltr'><strong>Caesar,</strong></span> <span class='ocrx_word' id='word_1_91' title='bbox 1018 1110 1152 1175; x_wconf 80' lang='lat' dir='ltr'><strong>divi</strong></span> <span class='ocrx_word' id='word_1_92' title='bbox 1187 1108 1493 1209; x_wconf 75' lang='lat' dir='ltr'><strong>Augusti,</strong></span> <span class='ocrx_word' id='word_1_93' title='bbox 1537 1110 1840 1175; x_wconf 79' lang='lat' dir='ltr'><strong>avunculi</strong></span> <span class='ocrx_word' id='word_1_94' title='bbox 1892 1108 2018 1175; x_wconf 87' lang='lat' dir='ltr'><strong>mei</strong></span> <span class='ocrx_word' id='word_1_95' title='bbox 2063 1110 2293 1196; x_wconf 80' lang='lat' dir='ltr'><strong>magni</strong></span> 
     </span>
     <span class='ocr_line' id='line_1_13' title="bbox 239 1198 2291 1285; baseline -0 -19"><span class='ocrx_word' id='word_1_96' title='bbox 239 1221 471 1285; x_wconf 87' lang='lat' dir='ltr'><strong>nepos,</strong></span> <span class='ocrx_word' id='word_1_97' title='bbox 506 1200 678 1266; x_wconf 80' lang='lat' dir='ltr'><strong>eirca</strong></span> <span class='ocrx_word' id='word_1_98' title='bbox 703 1200 949 1284; x_wconf 87' lang='lat' dir='ltr'><strong>primos</strong></span> <span class='ocrx_word' id='word_1_99' title='bbox 977 1200 1277 1265; x_wconf 80' lang='lat' dir='ltr'><strong>iuventae</strong></span> <span class='ocrx_word' id='word_1_100' title='bbox 1304 1221 1458 1264; x_wconf 82' lang='lat' dir='ltr'><strong>suae</strong></span> <span class='ocrx_word' id='word_1_101' title='bbox 1486 1220 1688 1265; x_wconf 80' lang='lat' dir='ltr'><strong>annos</strong></span> <span class='ocrx_word' id='word_1_102' title='bbox 1718 1198 1993 1264; x_wconf 87' lang='lat' dir='ltr'><strong>Lucium</strong></span> <span class='ocrx_word' id='word_1_103' title='bbox 2019 1199 2291 1265; x_wconf 75' lang='lat' dir='ltr'><strong>fratrem</strong></span> 
     </span>
     <span class='ocr_line' id='line_1_14' title="bbox 241 1288 2291 1374; baseline -0.001 -18"><span class='ocrx_word' id='word_1_104' title='bbox 241 1289 644 1356; x_wconf 79' lang='lat' dir='ltr'><strong>carissimum</strong></span> <span class='ocrx_word' id='word_1_105' title='bbox 691 1288 816 1355; x_wconf 91' lang='lat' dir='ltr'><strong>sibi</strong></span> <span class='ocrx_word' id='word_1_106' title='bbox 858 1290 1160 1374; x_wconf 88' lang='lat' dir='ltr'><strong>princeps</strong></span> <span class='ocrx_word' id='word_1_107' title='bbox 1204 1289 1560 1354; x_wconf 86' lang='lat' dir='ltr'><strong>iuventutis</strong></span> <span class='ocrx_word' id='word_1_108' title='bbox 1606 1288 1966 1373; x_wconf 85' lang='lat' dir='ltr'><strong>principem</strong></span> <span class='ocrx_word' id='word_1_109' title='bbox 2002 1288 2291 1353; x_wconf 87' lang='lat' dir='ltr'><strong>eiusdem</strong></span> 
     </span>
     <span class='ocr_line' id='line_1_15' title="bbox 237 1376 2291 1463; baseline -0.001 -20"><span class='ocrx_word' id='word_1_110' title='bbox 237 1377 592 1444; x_wconf 86' lang='lat' dir='ltr'><strong>iuventutis</strong></span> <span class='ocrx_word' id='word_1_111' title='bbox 639 1377 856 1443; x_wconf 82' lang='lat' dir='ltr'><strong>amisit</strong></span> <span class='ocrx_word' id='word_1_112' title='bbox 899 1378 970 1443; x_wconf 87' lang='lat' dir='ltr'><strong>in</strong></span> <span class='ocrx_word' id='word_1_113' title='bbox 1013 1382 1331 1462; x_wconf 78' lang='lat' dir='ltr'><strong>apparatu</strong></span> <span class='ocrx_word' id='word_1_114' title='bbox 1367 1376 1654 1443; x_wconf 74' lang='lat' dir='ltr'><strong>Parthici</strong></span> <span class='ocrx_word' id='word_1_115' title='bbox 1696 1378 1855 1443; x_wconf 86' lang='lat' dir='ltr'><strong>belli</strong></span> <span class='ocrx_word' id='word_1_116' title='bbox 1890 1381 1957 1443; x_wconf 92' lang='lat' dir='ltr'><strong>et</strong></span> <span class='ocrx_word' id='word_1_117' title='bbox 1992 1377 2291 1463; x_wconf 81' lang='lat' dir='ltr'><strong>graviore</strong></span> 
     </span>
     <span class='ocr_line' id='line_1_16' title="bbox 242 1466 2381 1551; baseline -0.001 -18"><span class='ocrx_word' id='word_1_118' title='bbox 242 1469 448 1533; x_wconf 87' lang='lat' dir='ltr'><strong>multo</strong></span> <span class='ocrx_word' id='word_1_119' title='bbox 510 1466 710 1531; x_wconf 84' lang='lat' dir='ltr'><strong>animi</strong></span> <span class='ocrx_word' id='word_1_120' title='bbox 771 1468 1032 1533; x_wconf 79' lang='lat' dir='ltr'><strong>volnere</strong></span> <span class='ocrx_word' id='word_1_121' title='bbox 1090 1489 1287 1550; x_wconf 80' lang='lat' dir='ltr'><strong>quam</strong></span> <span class='ocrx_word' id='word_1_122' title='bbox 1340 1468 1568 1551; x_wconf 83' lang='lat' dir='ltr'><strong>postea</strong></span> <span class='ocrx_word' id='word_1_123' title='bbox 1621 1466 1913 1551; x_wconf 86' lang='lat' dir='ltr'><strong>corporis</strong></span> <span class='ocrx_word' id='word_1_124' title='bbox 1958 1466 2127 1531; x_wconf 85' lang='lat' dir='ltr'><strong>ictus</strong></span> <span class='ocrx_word' id='word_1_125' title='bbox 2173 1469 2293 1551; x_wconf 77' lang='lat' dir='ltr'><strong>est3</strong></span> <span class='ocrx_word' id='word_1_126' title='bbox 2330 1482 2381 1523; x_wconf 67' lang='grc' dir='ltr'><strong>ιδ</strong></span> 
     </span>
     <span class='ocr_line' id='line_1_17' title="bbox 208 1553 2290 1641; baseline -0.002 -18"><span class='ocrx_word' id='word_1_127' title='bbox 208 1556 414 1641; x_wconf 84' lang='lat' dir='ltr'><strong>¹quod</strong></span> <span class='ocrx_word' id='word_1_128' title='bbox 471 1559 819 1639; x_wconf 87' lang='lat' dir='ltr'><strong>utrumque</strong></span> <span class='ocrx_word' id='word_1_129' title='bbox 879 1560 943 1621; x_wconf 90' lang='lat' dir='ltr'><strong>et</strong></span> <span class='ocrx_word' id='word_1_130' title='bbox 1000 1555 1290 1641; x_wconf 74' lang='lat' dir='ltr'><strong>piissime</strong></span> <span class='ocrx_word' id='word_1_131' title='bbox 1347 1554 1519 1619; x_wconf 91' lang='lat' dir='ltr'><strong>idem</strong></span> <span class='ocrx_word' id='word_1_132' title='bbox 1580 1558 1645 1619; x_wconf 88' lang='lat' dir='ltr'><strong>et</strong></span> <span class='ocrx_word' id='word_1_133' title='bbox 1700 1553 2051 1621; x_wconf 82' lang='lat' dir='ltr'><strong>fortissime</strong></span> <span class='ocrx_word' id='word_1_134' title='bbox 2108 1555 2290 1619; x_wconf 86' lang='lat' dir='ltr'><strong>tulit.</strong></span> 
     </span>
     <span class='ocr_line' id='line_1_18' title="bbox 241 1641 2293 1730; baseline -0.001 -19"><span class='ocrx_word' id='word_1_135' title='bbox 241 1646 340 1711; x_wconf 69' lang='lat' dir='ltr'><strong>Ti.</strong></span> <span class='ocrx_word' id='word_1_136' title='bbox 388 1642 620 1711; x_wconf 77' lang='lat' dir='ltr'><strong>Caesar</strong></span> <span class='ocrx_word' id='word_1_137' title='bbox 664 1647 934 1730; x_wconf 85' lang='lat' dir='ltr'><strong>patruus</strong></span> <span class='ocrx_word' id='word_1_138' title='bbox 979 1666 1160 1710; x_wconf 88' lang='lat' dir='ltr'><strong>meus</strong></span> <span class='ocrx_word' id='word_1_139' title='bbox 1206 1644 1494 1711; x_wconf 87' lang='lat' dir='ltr'><strong>Drusum</strong></span> <span class='ocrx_word' id='word_1_140' title='bbox 1540 1641 1993 1710; x_wconf 81' lang='lat' dir='ltr'><strong>Germanicum</strong></span> <span class='ocrx_word' id='word_1_141' title='bbox 2037 1647 2293 1728; x_wconf 77' lang='lat' dir='ltr'><strong>patrem</strong></span> 
     </span>
     <span class='ocr_line' id='line_1_19' title="bbox 240 1733 2294 1819; baseline -0 -19"><span class='ocrx_word' id='word_1_142' title='bbox 240 1757 482 1818; x_wconf 89' lang='lat' dir='ltr'><strong>meum,</strong></span> <span class='ocrx_word' id='word_1_143' title='bbox 535 1734 851 1803; x_wconf 84' lang='lat' dir='ltr'><strong>minorem</strong></span> <span class='ocrx_word' id='word_1_144' title='bbox 897 1737 1058 1799; x_wconf 82' lang='lat' dir='ltr'><strong>natu</strong></span> <span class='ocrx_word' id='word_1_145' title='bbox 1104 1756 1297 1819; x_wconf 80' lang='lat' dir='ltr'><strong>quam</strong></span> <span class='ocrx_word' id='word_1_146' title='bbox 1343 1734 1483 1819; x_wconf 88' lang='lat' dir='ltr'><strong>ipse</strong></span> <span class='ocrx_word' id='word_1_147' title='bbox 1528 1737 1667 1799; x_wconf 80' lang='lat' dir='ltr'><strong>erat</strong></span> <span class='ocrx_word' id='word_1_148' title='bbox 1710 1733 2001 1817; x_wconf 74' lang='lat' dir='ltr'><strong>fratrem,</strong></span> <span class='ocrx_word' id='word_1_149' title='bbox 2057 1733 2294 1799; x_wconf 82' lang='lat' dir='ltr'><strong>intima</strong></span> 
     </span>
     <span class='ocr_line' id='line_1_20' title="bbox 242 1820 2291 1910; baseline -0.001 -19"><span class='ocrx_word' id='word_1_150' title='bbox 242 1822 619 1892; x_wconf 80' lang='lat' dir='ltr'><strong>Germaniae</strong></span> <span class='ocrx_word' id='word_1_151' title='bbox 662 1823 1101 1890; x_wconf 79' lang='lat' dir='ltr'><strong>recludentem</strong></span> <span class='ocrx_word' id='word_1_152' title='bbox 1147 1826 1214 1890; x_wconf 90' lang='lat' dir='ltr'><strong>et</strong></span> <span class='ocrx_word' id='word_1_153' title='bbox 1258 1827 1483 1910; x_wconf 87' lang='lat' dir='ltr'><strong>gentes</strong></span> <span class='ocrx_word' id='word_1_154' title='bbox 1520 1822 1951 1890; x_wconf 80' lang='lat' dir='ltr'><strong>ferocissimas</strong></span> <span class='ocrx_word' id='word_1_155' title='bbox 1990 1820 2291 1888; x_wconf 83' lang='lat' dir='ltr'><strong>Romano</strong></span> 
     </span>
     <span class='ocr_line' id='line_1_21' title="bbox 241 1911 2383 1999; baseline -0.001 -19"><span class='ocrx_word' id='word_1_156' title='bbox 241 1913 664 1980; x_wconf 78' lang='lat' dir='ltr'><strong>subicientem</strong></span> <span class='ocrx_word' id='word_1_157' title='bbox 727 1913 1002 1999; x_wconf 90' lang='lat' dir='ltr'><strong>imperio</strong></span> <span class='ocrx_word' id='word_1_158' title='bbox 1064 1912 1136 1979; x_wconf 89' lang='lat' dir='ltr'><strong>in</strong></span> <span class='ocrx_word' id='word_1_159' title='bbox 1199 1913 1541 1999; x_wconf 84' lang='lat' dir='ltr'><strong>complexu</strong></span> <span class='ocrx_word' id='word_1_160' title='bbox 1605 1916 1673 1978; x_wconf 88' lang='lat' dir='ltr'><strong>et</strong></span> <span class='ocrx_word' id='word_1_161' title='bbox 1733 1913 1803 1978; x_wconf 92' lang='lat' dir='ltr'><strong>in</strong></span> <span class='ocrx_word' id='word_1_162' title='bbox 1857 1911 2098 1978; x_wconf 86' lang='lat' dir='ltr'><strong>osculis</strong></span> <span class='ocrx_word' id='word_1_163' title='bbox 2154 1912 2293 1978; x_wconf 81' lang='lat' dir='ltr'><strong>suis</strong></span> <span class='ocrx_word' id='word_1_164' title='bbox 2328 1930 2383 1970; x_wconf 63' lang='grc' dir='ltr'><strong>ιο</strong></span> 
     </span>
     <span class='ocr_line' id='line_1_22' title="bbox 240 2000 2297 2090; baseline -0.001 -21"><span class='ocrx_word' id='word_1_165' title='bbox 240 2003 482 2069; x_wconf 80' lang='lat' dir='ltr'><strong>amisit:</strong></span> <span class='ocrx_word' id='word_1_166' title='bbox 545 2002 811 2068; x_wconf 88' lang='lat' dir='ltr'><strong>modum</strong></span> <span class='ocrx_word' id='word_1_167' title='bbox 873 2006 1092 2068; x_wconf 78' lang='lat' dir='ltr'><strong>tamen</strong></span> <span class='ocrx_word' id='word_1_168' title='bbox 1153 2002 1421 2090; x_wconf 83' lang='lat' dir='ltr'><strong>lugendi</strong></span> <span class='ocrx_word' id='word_1_169' title='bbox 1483 2023 1615 2068; x_wconf 92' lang='lat' dir='ltr'><strong>non</strong></span> <span class='ocrx_word' id='word_1_170' title='bbox 1680 2000 1806 2068; x_wconf 88' lang='lat' dir='ltr'><strong>sibi</strong></span> <span class='ocrx_word' id='word_1_171' title='bbox 1866 2004 2121 2067; x_wconf 80' lang='lat' dir='ltr'><strong>tantum</strong></span> <span class='ocrx_word' id='word_1_172' title='bbox 2176 2000 2297 2067; x_wconf 85' lang='lat' dir='ltr'><strong>sed</strong></span> 
     </span>
     <span class='ocr_line' id='line_1_23' title="bbox 239 2091 2297 2159; baseline -0.001 -1"><span class='ocrx_word' id='word_1_173' title='bbox 239 2092 434 2158; x_wconf 83' lang='lat' dir='ltr'><strong>etiam</strong></span> <span class='ocrx_word' id='word_1_174' title='bbox 493 2092 638 2158; x_wconf 78' lang='lat' dir='ltr'><strong>eliis</strong></span> <span class='ocrx_word' id='word_1_175' title='bbox 690 2091 849 2158; x_wconf 86' lang='lat' dir='ltr'><strong>fecit</strong></span> <span class='ocrx_word' id='word_1_176' title='bbox 905 2113 982 2158; x_wconf 80' lang='lat' dir='ltr'><strong>ae</strong></span> <span class='ocrx_word' id='word_1_177' title='bbox 1026 2095 1240 2157; x_wconf 86' lang='lat' dir='ltr'><strong>totum</strong></span> <span class='ocrx_word' id='word_1_178' title='bbox 1286 2092 1638 2159; x_wconf 85' lang='lat' dir='ltr'><strong>exercitum</strong></span> <span class='ocrx_word' id='word_1_179' title='bbox 1682 2113 1817 2157; x_wconf 93' lang='lat' dir='ltr'><strong>non</strong></span> <span class='ocrx_word' id='word_1_180' title='bbox 1862 2092 2074 2158; x_wconf 89' lang='lat' dir='ltr'><strong>solum</strong></span> <span class='ocrx_word' id='word_1_181' title='bbox 2120 2112 2297 2156; x_wconf 78' lang='lat' dir='ltr'><strong>mae-</strong></span> 
     </span>
     <span class='ocr_line' id='line_1_24' title="bbox 241 2179 2297 2266; baseline -0.001 -18"><span class='ocrx_word' id='word_1_182' title='bbox 241 2184 415 2248; x_wconf 89' lang='lat' dir='ltr'><strong>stum</strong></span> <span class='ocrx_word' id='word_1_183' title='bbox 506 2181 620 2247; x_wconf 89' lang='lat' dir='ltr'><strong>sed</strong></span> <span class='ocrx_word' id='word_1_184' title='bbox 705 2181 899 2248; x_wconf 80' lang='lat' dir='ltr'><strong>etiam</strong></span> <span class='ocrx_word' id='word_1_185' title='bbox 981 2181 1330 2248; x_wconf 84' lang='lat' dir='ltr'><strong>attonitum</strong></span> <span class='ocrx_word' id='word_1_186' title='bbox 1415 2201 1649 2266; x_wconf 84' lang='lat' dir='ltr'><strong>corpus</strong></span> <span class='ocrx_word' id='word_1_187' title='bbox 1721 2180 1921 2247; x_wconf 88' lang='lat' dir='ltr'><strong>Drusi</strong></span> <span class='ocrx_word' id='word_1_188' title='bbox 1992 2180 2096 2248; x_wconf 87' lang='lat' dir='ltr'><strong>sui</strong></span> <span class='ocrx_word' id='word_1_189' title='bbox 2163 2179 2297 2246; x_wconf 91' lang='lat' dir='ltr'><strong>sibi</strong></span> 
     </span>
     <span class='ocr_line' id='line_1_25' title="bbox 241 2269 2297 2356; baseline -0.001 -18"><span class='ocrx_word' id='word_1_190' title='bbox 241 2271 676 2338; x_wconf 80' lang='lat' dir='ltr'><strong>vindicantem</strong></span> <span class='ocrx_word' id='word_1_191' title='bbox 783 2271 865 2338; x_wconf 77' lang='lat' dir='ltr'><strong>ad</strong></span> <span class='ocrx_word' id='word_1_192' title='bbox 974 2292 1217 2338; x_wconf 91' lang='lat' dir='ltr'><strong>morem</strong></span> <span class='ocrx_word' id='word_1_193' title='bbox 1328 2269 1609 2336; x_wconf 76' lang='lat' dir='ltr'><strong>Romani</strong></span> <span class='ocrx_word' id='word_1_194' title='bbox 1712 2271 1929 2337; x_wconf 84' lang='lat' dir='ltr'><strong>luctus</strong></span> <span class='ocrx_word' id='word_1_195' title='bbox 2036 2269 2297 2356; x_wconf 83' lang='lat' dir='ltr'><strong>redegit</strong></span> 
     </span>
     <span class='ocr_line' id='line_1_26' title="bbox 242 2359 2385 2446; baseline -0.001 -20"><span class='ocrx_word' id='word_1_196' title='bbox 242 2360 676 2446; x_wconf 78' lang='lat' dir='ltr'><strong>iudicavitque</strong></span> <span class='ocrx_word' id='word_1_197' title='bbox 802 2382 938 2426; x_wconf 91' lang='lat' dir='ltr'><strong>non</strong></span> <span class='ocrx_word' id='word_1_198' title='bbox 1063 2359 1387 2426; x_wconf 81' lang='lat' dir='ltr'><strong>militandi</strong></span> <span class='ocrx_word' id='word_1_199' title='bbox 1502 2361 1760 2424; x_wconf 84' lang='lat' dir='ltr'><strong>tantum</strong></span> <span class='ocrx_word' id='word_1_200' title='bbox 1880 2359 2297 2443; x_wconf 77' lang='lat' dir='ltr'><strong>disciplinam</strong></span> <span class='ocrx_word' id='word_1_201' title='bbox 2331 2375 2385 2416; x_wconf 76' lang='lat'><strong>2⁸</strong></span> 
     </span>
     <span class='ocr_line' id='line_1_27' title="bbox 243 2447 2297 2532; baseline -0.001 -17"><span class='ocrx_word' id='word_1_202' title='bbox 243 2471 381 2516; x_wconf 89' lang='lat' dir='ltr'><strong>esse</strong></span> <span class='ocrx_word' id='word_1_203' title='bbox 451 2448 831 2515; x_wconf 77' lang='lat' dir='ltr'><strong>servandam</strong></span> <span class='ocrx_word' id='word_1_204' title='bbox 916 2448 1029 2516; x_wconf 88' lang='lat' dir='ltr'><strong>sed</strong></span> <span class='ocrx_word' id='word_1_205' title='bbox 1106 2449 1301 2514; x_wconf 81' lang='lat' dir='ltr'><strong>etiam</strong></span> <span class='ocrx_word' id='word_1_206' title='bbox 1380 2447 1655 2515; x_wconf 87' lang='lat' dir='ltr'><strong>dolendi.</strong></span> <span class='ocrx_word' id='word_1_207' title='bbox 1764 2468 1898 2514; x_wconf 92' lang='lat' dir='ltr'><strong>non</strong></span> <span class='ocrx_word' id='word_1_208' title='bbox 1968 2449 2297 2532; x_wconf 87' lang='lat' dir='ltr'><strong>potuisset</strong></span> 
     </span>
     <span class='ocr_line' id='line_1_28' title="bbox 242 2535 2295 2623; baseline -0.001 -19"><span class='ocrx_word' id='word_1_209' title='bbox 242 2539 353 2604; x_wconf 86' lang='lat' dir='ltr'><strong>ille</strong></span> <span class='ocrx_word' id='word_1_210' title='bbox 436 2537 735 2605; x_wconf 75' lang='lat' dir='ltr'><strong>lacrimas</strong></span> <span class='ocrx_word' id='word_1_211' title='bbox 818 2538 1058 2605; x_wconf 83' lang='lat' dir='ltr'><strong>alienas</strong></span> <span class='ocrx_word' id='word_1_212' title='bbox 1141 2559 1574 2623; x_wconf 78' lang='lat' dir='ltr'><strong>compescere,</strong></span> <span class='ocrx_word' id='word_1_213' title='bbox 1652 2537 1779 2604; x_wconf 89' lang='lat' dir='ltr'><strong>nisi</strong></span> <span class='ocrx_word' id='word_1_214' title='bbox 1851 2535 2031 2622; x_wconf 85' lang='lat' dir='ltr'><strong>prius</strong></span> <span class='ocrx_word' id='word_1_215' title='bbox 2115 2558 2295 2622; x_wconf 87' lang='lat' dir='ltr'><strong>pres-</strong></span> 
     </span>
     <span class='ocr_line' id='line_1_29' title="bbox 244 2628 1240 2694; baseline -0.002 0"><span class='ocrx_word' id='word_1_216' title='bbox 244 2628 432 2694; x_wconf 89' lang='lat' dir='ltr'><strong>sisset</strong></span> <span class='ocrx_word' id='word_1_217' title='bbox 475 2649 638 2694; x_wconf 78' lang='lat' dir='ltr'><strong>suas.</strong></span> <span class='ocrx_word' id='word_1_218' title='bbox 1235 2648 1240 2653; x_wconf 91' lang='lat'>·</span> 
     </span>
    </p>
   </div>
   <div class='ocr_carea' id='block_1_3' title="bbox 244 2873 2299 3514">
    <p class='ocr_par' dir='ltr' id='par_1_3' title="bbox 244 2873 2299 3514">
     <span class='ocr_line' id='line_1_30' title="bbox 421 2873 2285 2944; baseline -0.001 -14"><span class='ocrx_word' id='word_1_219' title='bbox 421 2873 459 2930; x_wconf 80' lang='lat'><em>8</em></span> <span class='ocrx_word' id='word_1_220' title='bbox 491 2876 725 2929; x_wconf 71' lang='lat' dir='ltr'><strong>vexatus</strong></span> <span class='ocrx_word' id='word_1_221' title='bbox 763 2875 872 2930; x_wconf 89' lang='lat' dir='ltr'><strong>est:</strong></span> <span class='ocrx_word' id='word_1_222' title='bbox 921 2876 1124 2930; x_wconf 86' lang='lat' dir='ltr'><strong>sororis</strong></span> <span class='ocrx_word' id='word_1_223' title='bbox 1164 2917 1174 2927; x_wconf 92' lang='lat'>.</span> <span class='ocrx_word' id='word_1_224' title='bbox 1217 2917 1229 2931; x_wconf 93' lang='lat'><strong>.</strong></span> <span class='ocrx_word' id='word_1_225' title='bbox 1271 2917 1284 2929; x_wconf 90' lang='lat'>.</span> <span class='ocrx_word' id='word_1_226' title='bbox 1322 2874 1599 2944; x_wconf 84' lang='lat' dir='ltr'><strong>perdidit,</strong></span> <span class='ocrx_word' id='word_1_227' title='bbox 1646 2874 1811 2930; x_wconf 73' lang='lat' dir='ltr'><strong>Gertz</strong></span> <span class='ocrx_word' id='word_1_228' title='bbox 1846 2881 2040 2930; x_wconf 69' lang='lat' dir='ltr'><strong>contra</strong></span> <span class='ocrx_word' id='word_1_229' title='bbox 2076 2873 2234 2930; x_wconf 78' lang='lat' dir='ltr'><strong>codd.</strong></span> <span class='ocrx_word' id='word_1_230' title='bbox 2274 2873 2285 2944; x_wconf 91' lang='grc' dir='ltr'>Ι</span> 
     </span>
     <span class='ocr_line' id='line_1_31' title="bbox 244 2945 2229 3018; baseline 0 -18"><span class='ocrx_word' id='word_1_231' title='bbox 244 2945 281 3000; x_wconf 75' lang='grc'><strong>6</strong></span> <span class='ocrx_word' id='word_1_232' title='bbox 318 2945 376 3000; x_wconf 87' lang='lat' dir='ltr'><strong>et</strong></span> <span class='ocrx_word' id='word_1_233' title='bbox 411 2947 645 3014; x_wconf 87' lang='lat' dir='ltr'><strong>nepotes</strong></span> <span class='ocrx_word' id='word_1_234' title='bbox 681 2947 738 3001; x_wconf 90' lang='lat' dir='ltr'><em>B</em></span> <span class='ocrx_word' id='word_1_235' title='bbox 786 2961 854 3000; x_wconf 73' lang='lat' dir='ltr'><strong>ec</strong></span> <span class='ocrx_word' id='word_1_236' title='bbox 890 2949 1123 3015; x_wconf 85' lang='lat' dir='ltr'><strong>nepotes</strong></span> <span class='ocrx_word' id='word_1_237' title='bbox 1161 2946 1209 3003; x_wconf 82' lang='lat'><em>0</em></span> <span class='ocrx_word' id='word_1_238' title='bbox 1252 2945 1275 3018; x_wconf 82' lang='grc' dir='ltr'>Η</span> <span class='ocrx_word' id='word_1_239' title='bbox 1323 2945 1360 3000; x_wconf 90' lang='grc'>8</span> <span class='ocrx_word' id='word_1_240' title='bbox 1402 2948 1597 3002; x_wconf 81' lang='lat' dir='ltr'><strong>tamen</strong></span> <span class='ocrx_word' id='word_1_241' title='bbox 1631 2948 1721 3000; x_wconf 83' lang='lat' dir='ltr'><strong>tot</strong></span> <span class='ocrx_word' id='word_1_242' title='bbox 1755 2947 1812 3001; x_wconf 90' lang='lat' dir='ltr'><em>B</em></span> <span class='ocrx_word' id='word_1_243' title='bbox 1858 2962 2007 3000; x_wconf 86' lang='lat' dir='ltr'><strong>nune</strong></span> <span class='ocrx_word' id='word_1_244' title='bbox 2042 2946 2131 3000; x_wconf 83' lang='lat' dir='ltr'><strong>tot</strong></span> <span class='ocrx_word' id='word_1_245' title='bbox 2167 2945 2229 3000; x_wconf 89' lang='lat' dir='ltr'><em>D</em></span> 
     </span>
     <span class='ocr_line' id='line_1_32' title="bbox 245 3016 2297 3089; baseline -0 -18"><span class='ocrx_word' id='word_1_246' title='bbox 245 3032 315 3071; x_wconf 89' lang='lat' dir='ltr'><strong>nc</strong></span> <span class='ocrx_word' id='word_1_247' title='bbox 350 3017 439 3071; x_wconf 89' lang='lat' dir='ltr'><strong>tot</strong></span> <span class='ocrx_word' id='word_1_248' title='bbox 468 3018 537 3072; x_wconf 88' lang='lat' dir='ltr'><strong><em>H</em></strong></span> <span class='ocrx_word' id='word_1_249' title='bbox 579 3017 586 3089; x_wconf 82' lang='grc' dir='ltr'>Ι</span> <span class='ocrx_word' id='word_1_250' title='bbox 643 3017 1076 3086; x_wconf 75' lang='lat' dir='ltr'><strong>capacissimum</strong></span> <span class='ocrx_word' id='word_1_251' title='bbox 1115 3017 1328 3088; x_wconf 35' lang='lat' dir='ltr'><strong>Gruter,</strong></span> <span class='ocrx_word' id='word_1_252' title='bbox 1365 3017 1794 3087; x_wconf 77' lang='lat' dir='ltr'><strong>pacatissimum</strong></span> <span class='ocrx_word' id='word_1_253' title='bbox 1820 3017 1942 3072; x_wconf 87' lang='grc' dir='ltr'><strong>ΒΕ</strong></span> <span class='ocrx_word' id='word_1_254' title='bbox 1983 3016 2297 3086; x_wconf 72' lang='lat' dir='ltr'><strong>pacacissi-</strong></span> 
     </span>
     <span class='ocr_line' id='line_1_33' title="bbox 245 3086 2297 3160; baseline 0 -20"><span class='ocrx_word' id='word_1_255' title='bbox 245 3105 401 3141; x_wconf 88' lang='lat' dir='ltr'><strong>mum</strong></span> <span class='ocrx_word' id='word_1_256' title='bbox 428 3087 561 3143; x_wconf 79' lang='grc' dir='ltr'><strong>ΒΗ</strong></span> <span class='ocrx_word' id='word_1_257' title='bbox 601 3086 623 3160; x_wconf 74' lang='lat' dir='ltr'>ss</span> <span class='ocrx_word' id='word_1_258' title='bbox 671 3088 740 3142; x_wconf 94' lang='lat'><strong>11</strong></span> <span class='ocrx_word' id='word_1_259' title='bbox 787 3089 982 3158; x_wconf 76' lang='lat' dir='ltr'><strong>magni</strong></span> <span class='ocrx_word' id='word_1_260' title='bbox 1018 3105 1193 3158; x_wconf 87' lang='lat' dir='ltr'><strong>nepos</strong></span> <span class='ocrx_word' id='word_1_261' title='bbox 1223 3089 1568 3160; x_wconf 77' lang='lat' dir='ltr'><strong>Madvi9·ac</strong></span> <span class='ocrx_word' id='word_1_262' title='bbox 1604 3104 1779 3159; x_wconf 87' lang='lat' dir='ltr'><strong>nepos</strong></span> <span class='ocrx_word' id='word_1_263' title='bbox 1806 3088 1995 3144; x_wconf 79' lang='lat' dir='ltr'><strong>BHG</strong></span> <span class='ocrx_word' id='word_1_264' title='bbox 2037 3087 2297 3158; x_wconf 73' lang='lat' dir='ltr'><strong>adnepos</strong></span> 
     </span>
     <span class='ocr_line' id='line_1_34' title="bbox 247 3155 2299 3231; baseline 0 -18"><span class='ocrx_word' id='word_1_265' title='bbox 247 3159 375 3213; x_wconf 90' lang='lat' dir='ltr'><strong>DV</strong></span> <span class='ocrx_word' id='word_1_266' title='bbox 404 3155 653 3226; x_wconf 72' lang='lat' dir='ltr'><strong>abnepos</strong></span> <span class='ocrx_word' id='word_1_267' title='bbox 680 3159 742 3214; x_wconf 88' lang='grc' dir='ltr'><strong><em>Ε</em></strong></span> <span class='ocrx_word' id='word_1_268' title='bbox 747 3180 770 3226; x_wconf 86' lang='grc'><strong>,·</strong></span> <span class='ocrx_word' id='word_1_269' title='bbox 803 3161 868 3215; x_wconf 71' lang='lat' dir='ltr'><strong>in</strong></span> <span class='ocrx_word' id='word_1_270' title='bbox 902 3177 1074 3229; x_wconf 68' lang='lat' dir='ltr'><strong>mara.</strong></span> <span class='ocrx_word' id='word_1_271' title='bbox 1103 3163 1160 3215; x_wconf 88' lang='lat' dir='ltr'><em>B</em></span> <span class='ocrx_word' id='word_1_272' title='bbox 1189 3161 1319 3216; x_wconf 82' lang='lat' dir='ltr'><strong>add.</strong></span> <span class='ocrx_word' id='word_1_273' title='bbox 1348 3160 1525 3228; x_wconf 86' lang='lat' dir='ltr'><strong>filius,</strong></span> <span class='ocrx_word' id='word_1_274' title='bbox 1562 3166 1625 3215; x_wconf 77' lang='lat' dir='ltr'><strong>ut</strong></span> <span class='ocrx_word' id='word_1_275' title='bbox 1650 3160 1789 3231; x_wconf 65' lang='lat' dir='ltr'><strong>vola.</strong></span> <span class='ocrx_word' id='word_1_276' title='bbox 1816 3160 2102 3216; x_wconf 74' lang='lat' dir='ltr'><strong>edebatur.-</strong></span> <span class='ocrx_word' id='word_1_277' title='bbox 2138 3158 2299 3214; x_wconf 86' lang='lat' dir='ltr'><strong>filius</strong></span> 
     </span>
     <span class='ocr_line' id='line_1_35' title="bbox 249 3228 2297 3374; baseline 0.001 -22"><span class='ocrx_word' id='word_1_278' title='bbox 249 3228 2297 3374; x_wconf 44' lang='lat' dir='ltr'><strong>&amp;ml1¹⁷⁴„5321s0d31323ffiDT12‘233202V&amp;¹525¹⁸2?</strong></span> 
     </span>
     <span class='ocr_line' id='line_1_36' title="bbox 251 3318 2298 3448; baseline 0.002 -26"><span class='ocrx_word' id='word_1_279' title='bbox 251 3368 516 3436; x_wconf 73' lang='lat' dir='ltr'><strong>cauitque</strong></span> <span class='ocrx_word' id='word_1_280' title='bbox 551 3386 664 3424; x_wconf 82' lang='lat' dir='ltr'><strong>non</strong></span> <span class='ocrx_word' id='word_1_281' title='bbox 692 3371 809 3424; x_wconf 84' lang='lat' dir='ltr'><strong>BD</strong></span> <span class='ocrx_word' id='word_1_282' title='bbox 847 3371 1234 3442; x_wconf 78' lang='lat' dir='ltr'><strong>iudicauitque</strong></span> <span class='ocrx_word' id='word_1_283' title='bbox 1263 3374 1325 3427; x_wconf 86' lang='lat' dir='ltr'><em>E</em></span> <span class='ocrx_word' id='word_1_284' title='bbox 1357 3345 1640 3429; x_wconf 64' lang='lat' dir='ltr'><strong>iudicauit</strong></span> <span class='ocrx_word' id='word_1_285' title='bbox 1673 3347 1733 3430; x_wconf 62' lang='lat'><strong>122,-</strong></span> <span class='ocrx_word' id='word_1_286' title='bbox 1770 3318 1903 3448; x_wconf 53' lang='lat' dir='ltr'>nss&#39;g’</span> <span class='ocrx_word' id='word_1_287' title='bbox 1918 3373 1971 3430; x_wconf 73' lang='lat' dir='ltr'><em>G</em></span> <span class='ocrx_word' id='word_1_288' title='bbox 2007 3372 2298 3428; x_wconf 70' lang='lat' dir='ltr'><strong>iudicauit</strong></span> 
     </span>
     <span class='ocr_line' id='line_1_37' title="bbox 268 3439 1494 3514; baseline 0.01 -24"><span class='ocrx_word' id='word_1_289' title='bbox 268 3455 321 3490; x_wconf 92' lang='lat' dir='ltr'><strong>n.</strong></span> <span class='ocrx_word' id='word_1_290' title='bbox 360 3439 435 3507; x_wconf 89' lang='lat'><strong>(=-</strong></span> <span class='ocrx_word' id='word_1_291' title='bbox 463 3439 633 3509; x_wconf 83' lang='lat' dir='ltr'><strong>enim)</strong></span> <span class='ocrx_word' id='word_1_292' title='bbox 669 3457 783 3494; x_wconf 91' lang='lat' dir='ltr'><strong>non</strong></span> <span class='ocrx_word' id='word_1_293' title='bbox 811 3442 881 3495; x_wconf 91' lang='lat' dir='ltr'><em>H</em></span> <span class='ocrx_word' id='word_1_294' title='bbox 909 3444 1054 3513; x_wconf 74' lang='lat' dir='ltr'><strong>quod</strong></span> <span class='ocrx_word' id='word_1_295' title='bbox 1093 3443 1258 3500; x_wconf 76' lang='lat' dir='ltr'><strong>Gertz</strong></span> <span class='ocrx_word' id='word_1_296' title='bbox 1293 3448 1494 3514; x_wconf 79' lang='lat' dir='ltr'><strong>recepit</strong></span> 
     </span>
    </p>
   </div>
  </div>
 </body>
</html>
