2544 3746
303 104 434 171 338
695 101 756 157 L.
785 99 1072 155 ANNAEI
1108 98 1441 155 SENECAE
1476 98 1668 153 DIAL.
1696 98 1833 153 Lm.
1858 96 1954 153 XI.

232 265 264 315 6
303 268 413 313 eos
467 244 604 311 veri
663 245 859 311 etiam
918 243 1160 310 invitos
1221 243 1661 329 compulisset.
1752 243 1907 309 satis
1957 242 2361 328 praestiterit

301 335 470 402 ratio
481 385 499 420 ,
539 335 594 401 si
630 334 705 399 ‘id
751 356 955 400 unum
995 356 1077 400 ex
1111 333 1364 417 dolore,
1410 334 1585 419 quod
1621 336 1688 400 et
1724 336 2018 418 superest
2052 336 2119 397 et
2153 333 2359 397 abun-

303 425 444 509 dat,
505 424 843 490 exciderit:
905 426 982 489 ut
1045 422 1307 507 quidem
1368 424 1623 502 nullum
1684 422 1949 488 omnino
2008 442 2147 487 esse
2202 444 2364 487 eum

303 515 620 600 patiatur,
675 535 798 580 nec
840 513 1231 598 sperandum
1276 511 1399 577 ulli
1441 533 1563 578 nec
1605 511 2192 596 concupiscendum
2236 515 2363 577 est.

304 604 480 677 hunc
538 603 759 705 potius
815 602 1104 667 modum
1139 605 1378 685 servet,
1440 602 1555 685 qui
1597 622 1719 667 nec
1763 600 2165 685 impietatem
2209 598 2365 665 imi-
2427 620 2449 661 5

303 696 479 758 tetur
521 713 643 758 nec
685 692 1004 757 insaniam
1051 694 1118 756 et
1160 712 1281 756 nos
1327 690 1399 755 in
1442 711 1519 755 eo
1564 694 1784 756 teneat
1825 689 2083 773 habitu,
2129 688 2243 776 qui
2295 695 2368 755 et

304 782 450 867 piae
486 779 724 848 mentis
761 784 861 846 est
894 801 1014 846 nec
1050 783 1293 845 motae:
1338 780 1547 845 fluant
1579 779 1913 862 lacrimae,
1944 779 2059 845 sed
2095 778 2367 845 eaedem

305 874 372 936 et
430 870 754 952 desinant,
815 870 1156 934 trahantur
1214 887 1297 933 ex
1354 869 1488 933 imo
1549 868 1831 955 gemitus
1882 871 2179 958 pectore,
2241 868 2369 933 sed

304 958 478 1025 idem
524 962 591 1025 et
635 959 972 1042 finiantur3
1026 958 1121 1023 sic
1163 979 1316 1044 rege
1362 959 1653 1023 animum
1696 962 1913 1041 tuum,
1957 960 2033 1023 ut
2078 959 2145 1023 et
2188 956 2369 1042 sapi-

237 1065 267 1113 7
307 1048 565 1115 entibus
627 1051 696 1114 te
758 1048 1112 1133 adprobare
1175 1046 1388 1143 possis
1452 1050 1517 1112 et
1575 1046 1905 1113 fratribus.
1997 1045 2209 1130 effice,
2290 1050 2371 1111 ut
2406 1068 2454 1107 ιο
2523 1074 2524 1077 ¹

305 1137 677 1222 frequenter
731 1137 950 1203 fratris
1007 1137 1108 1201 tui
1165 1136 1547 1201 memoriam
1606 1136 1730 1201 tibi
1786 1134 1947 1201 velis
2004 1156 2373 1220 occurrere,

306 1230 382 1292 ut
434 1227 623 1292 illum
678 1229 746 1291 et
799 1226 1203 1294 sermonibus
1258 1224 1543 1291 celebres
1589 1228 1657 1290 et
1699 1224 1971 1291 adsidua
2011 1224 2371 1290 recordati-

305 1338 434 1381 one
469 1318 910 1401 repraesentes
945 1314 1097 1398 tibi,
1135 1314 1311 1400 quod
1348 1316 1443 1379 ita
1469 1313 1729 1379 demum
1756 1312 2069 1398 consequi
2092 1314 2370 1399 poteris,

309 1406 365 1470 si
409 1405 533 1471 tibi
577 1404 956 1471 memoriam
1003 1403 1162 1469 eius
1186 1404 1535 1470 iucundam
1579 1404 1788 1490 magis
1836 1424 2033 1506 quam
2076 1401 2371 1471 flebilem

306 1494 563 1579 feceris3
625 1494 922 1560 naturale
985 1496 1085 1559 est
1139 1514 1342 1577 emm,
1403 1497 1479 1558 ut
1533 1513 1789 1577 semper
1842 1492 2095 1557 animus
2146 1490 2228 1556 ab
2287 1514 2370 1558 eo
2408 1514 2454 1555 ιε
2523 1492 2524 1501 ²

238 1598 272 1648 8
307 1582 616 1670 refugiat,
661 1583 743 1648 ad
789 1582 964 1667 quod
1009 1603 1160 1648 cum
1204 1581 1473 1648 tristitia
1514 1582 1877 1647 revertitur.
1967 1580 2187 1667 cogita
2220 1604 2371 1647 mo·

310 1673 580 1739 destiam
641 1673 811 1756 eius,
869 1672 1088 1757 cogita
1144 1672 1216 1736 in
1271 1671 1467 1738 rebus
1526 1670 1792 1773 agendis
1848 1671 2229 1753 sollertiam,
2296 1671 2373 1735 in

310 1761 698 1847 exequendis
798 1760 1221 1845 industriam,
1313 1761 1383 1826 in
1480 1760 1817 1846 promissis
1908 1760 2367 1826 constantiam

310 1851 527 1917 omnia
586 1850 758 1917 dicta
814 1850 953 1916 eius
1002 1871 1089 1916 ac
1141 1849 1315 1917 facta
1367 1853 1434 1916 et
1487 1850 1631 1916 aliis
1682 1870 1937 1940 expone
1991 1852 2059 1915 et
2100 1848 2368 1914 tibimet
2523 1895 2524 1942 ι

298 1941 449 2027 ipse
504 1961 932 2012 conmemora.
1007 1940 1217 2024 qualis
1253 1939 1452 2005 fuerit
1488 1940 1705 2026 cogita
1742 1935 2079 2023 qualisque
2116 1939 2366 2024 sperari
2403 1962 2453 2001 ιο
2523 1959 2524 1962 ’

269 2092 276 2102 ,
309 2029 620 2115 potuerit:
677 2028 833 2114 quid
887 2029 1060 2094 enim
1119 2029 1198 2094 de
1251 2028 1368 2094 illo
1424 2051 1559 2094 non
1611 2031 1756 2093 tuto
1813 2027 2118 2112 sponderi
2162 2027 2367 2093 fratre

311 2119 574 2203 posset?

242 2223 272 2270 9
490 2205 698 2290 Haec,
741 2209 1094 2308 utcumque
1129 2205 1348 2291 potui,
1390 2205 1590 2292 longo
1627 2206 1757 2271 iam
1796 2206 1929 2270 situ
1965 2206 2261 2271 obsoleto
2302 2209 2369 2271 et

311 2296 612 2363 hebetato
661 2295 876 2360 animo
923 2296 1280 2380 composui.
1372 2316 1536 2379 quae
1584 2295 1639 2360 si
1684 2298 1800 2360 aut
1832 2317 2063 2380 parum
2100 2317 2369 2379 respon·

315 2387 462 2452 dere
507 2385 768 2472 ingenio
816 2388 931 2450 tuo
978 2389 1092 2450 aut
1135 2407 1367 2487 parum
1413 2383 1656 2450 mederi
1701 2385 1911 2450 dolori
1956 2384 2371 2468 videbuntur,
2408 2407 2461 2446 25

315 2475 558 2561 cogita,
603 2496 797 2558 quam
841 2495 977 2539 non
1021 2475 1232 2559 possit
1276 2496 1332 2539 1s
1370 2474 1616 2539 alienae
1650 2495 1878 2540 vacare
1915 2473 2372 2557 consolationi,

494 2684 526 2739 1
575 2701 670 2740 eos
715 2701 854 2740 uera
872 2684 944 2754 (ἓ)
991 2683 1166 2738 etiam
1212 2683 1425 2738 inuitos
1462 2683 1828 2753 compulisset
1858 2681 1945 2739 A'
1978 2690 2046 2738 ut
2078 2683 2190 2738 vid.
2222 2685 2282 2738 V
2318 2690 2373 2738 et

313 2757 471 2827 voly„
519 2757 636 2812 nisi
683 2755 829 2825 quod
875 2755 994 2810 veri
1043 2757 1228 2822 habet,
1278 2756 1424 2825 quod
1470 2757 1635 2810 etiam
1678 2757 1743 2809 in
1778 2754 1864 2810 A’
1906 2755 2082 2822 fuisse
2115 2755 2227 2809 vid.
2270 2771 2370 2808 eos

314 2844 510 2883 ueram
549 2827 724 2883 etiam
763 2845 857 2896 eos
893 2827 1132 2882 inuitos
1143 2827 1510 2896 compulisset
1535 2827 1593 2880 B
1629 2841 1823 2880 ueram
1862 2826 2037 2880 etiam
2080 2840 2175 2879 eos
2212 2843 2371 2880 com-

313 2899 555 2968 pulisset
589 2899 802 2954 inuitos
830 2899 959 2954 HG
995 2905 1046 2954 et
1081 2898 1191 2954 duo
1231 2898 1461 2952 Gmteri
1494 2913 1691 2952 ueram
1728 2897 1904 2954 etiam
1931 2913 2027 2950 eos
2058 2897 2371 2965 compellat

317 2971 589 3040 (complat
616 2970 698 3038 D)
727 2970 937 3024 inuitos
965 2970 1090 3024 DE
1121 2968 1142 3041 ΙΙ
1177 2969 1212 3024 2
1240 2969 1388 3023 ratio
1418 2968 1587 3038 (A²?)
1607 2967 1816 3022 DEB'
1842 2969 2024 3022 oratio
2053 2968 2372 3040 B¹GHVn

316 3041 353 3094 5
401 3041 756 3110 impietatem
804 3041 850 3096 Ο
898 3039 1172 3109 pietatem
1207 3042 1264 3096 A
1318 3041 1415 3109 qui
1462 3056 1657 3094 rursus
1705 3041 1906 3108 incipit
1948 3057 1987 3094 a
2029 3041 2209 3094 verbis
2260 3055 2370 3094 nec

316 3111 592 3181 pietatem
627 3111 884 3166 imitetur
927 3111 948 3184 ΙΙ
995 3112 1025 3166 7
1063 3113 1252 3166 motae
1281 3111 1407 3166 DE
1414 3110 1467 3165 G
1482 3111 1536 3167 17
1569 3112 1780 3174 imotae
1807 3111 1863 3164 Β
1908 3111 2066 3165 motu
2094 3111 2167 3164 H
2202 3126 2277 3165 ex
2312 3113 2371 3166 A

317 3183 864 3309 mmmm
882 3183 1040 3309 ²3?AE
1096 3189 1383 3308 Qiffl
1412 3180 2197 3324 fiss‘i'izzff‘fffffflmtff„
2217 3181 2371 3323 ἘΞ

319 3327 442 3378 tore
486 3325 611 3379 AV
650 3327 880 3394 pectore
935 3325 1180 3394 gemitus
1240 3325 1287 3380 Ο
1338 3324 1359 3397 ΙΙ
1414 3325 1481 3380 11
1535 3341 1823 3380 occurrere
1874 3325 1921 3379 O
1974 3339 2203 3379 occurre
2245 3328 2307 3380 A
2350 3325 2371 3395 ΙΙ

319 3393 393 3447 22
430 3397 622 3461 posset
656 3397 712 3450 A
747 3403 812 3450 ut
844 3397 954 3450 vid.
984 3396 1047 3450 E
1093 3396 1270 3450 vetus
1316 3397 1473 3452 lectio
1508 3398 1803 3452 Pae'mciani'
1848 3395 2052 3466 possit
2060 3396 2316 3452 BDHG
2350 3404 2371 3456 ΙΙ

321 3463 396 3517 26
428 3479 634 3518 uacare
676 3467 722 3520 O
764 3481 979 3534 uagare
1006 3467 1065 3522 A
