2544 3746
189 650 216 691 5

157 1098 216 1139 10

156 1544 213 1585 15

157 1991 214 2032 20

241 3293 372 3356 post
410 3287 558 3340 alius
592 3286 717 3342 Joh.
739 3256 978 3352 Mulier,
1017 3288 1122 3343 alii

531 127 634 181 AD
673 126 1103 182 GALLIONEM
1138 126 1237 180 DE
1276 125 1453 181 VITA
1490 126 1736 180 ΒΕΑΤΑ
1776 124 1928 183 ΟΑΡ.
1964 133 2032 182 26
2179 131 2307 195 227

258 272 434 357 quod
493 272 687 337 etiam
747 273 803 337 si
857 294 992 338 non
1037 273 1309 359 geritur,
1366 272 1679 337 indictum
1730 276 1852 338 est:
1914 293 2030 337 vos
2078 274 2308 338 domus

255 362 614 445 formonsa,
657 365 992 445 tamquam
1036 382 1157 427 nec
1202 360 1421 427 ardere
1466 383 1585 426 nec
1630 383 1813 427 ruere
1860 362 2093 446 possit,
2140 363 2309 427 inso-

254 451 490 535 lentes,
543 472 659 515 vos
718 473 901 536 opes,
955 454 1289 535 tamquam
1342 450 1701 535 periculum
1748 472 1936 515 omne
1983 456 2307 516 transcen-

256 540 470 605 derint
516 540 920 643 maioresque
958 540 1088 605 sint
1124 539 1309 605 vobis
1349 561 1542 624 quam
1582 539 1814 623 quibus
1855 540 2305 605 consumendis

257 628 412 695 satis
472 630 710 694 virium
773 628 1007 693 habeat
1061 629 1351 713 fortuna,
1419 629 1692 712 obstupe
1748 629 2011 694 faciunt.
2114 630 2307 695 otiosi

256 718 498 784 divitiis
553 717 778 783 luditis
823 739 943 783 nec
995 717 1349 802 providetis
1394 718 1653 783 illarum
1703 718 2062 802 periculum
2075 768 2093 803 ,
2142 719 2310 784 sicut

253 807 510 872 barbari
545 808 926 892 plerumque
952 806 1205 891 inclusi,
1241 807 1361 872 ut
1342 807 1553 893 ignari
1581 806 2042 891 machinarum,
2082 830 2307 893 segnes

253 896 540 963 laborem
601 895 1032 967 obsidentium
1087 900 1383 980 spectant
1426 918 1545 962 nec
1592 917 1721 980 quo
1769 896 1883 961 illa
1928 898 2307 980 pertineant,

257 1007 421 1070 quae
467 1008 547 1051 ex
593 986 954 1071 longinquo
1002 989 1365 1069 struuntur,
1412 986 1815 1071 intellegunt.
1908 986 2077 1052 idem
2123 987 2307 1051 vobis

255 1076 496 1139 evenit:
556 1076 853 1140 marcetis
914 1075 985 1139 in
1042 1076 1271 1140 vestris
1333 1076 1523 1141 rebus
1579 1097 1701 1141 nec
1757 1076 2085 1162 cogitatis,
2148 1078 2309 1159 quot

255 1185 440 1230 casus
495 1163 782 1249 undique
836 1164 1218 1229 immineant
1271 1165 1402 1229 iam
1462 1164 1720 1248 iamque
1765 1166 2052 1249 pretiosa
2098 1166 2309 1249 spolia

252 1254 468 1319 laturi.
576 1252 882 1337 sapientis
957 1254 1251 1338 quisquis
1326 1254 1665 1320 abstulerit
1727 1254 2013 1337 divitias,
2090 1254 2309 1319 omnia

251 1342 353 1407 ffli
391 1363 508 1408 sua
541 1343 890 1427 relinquet3
926 1344 1088 1408 vivit
1125 1344 1299 1408 enim
1340 1342 1784 1427 praesentibus
1821 1344 2056 1428 laetus,
2103 1344 2308 1407 futuri

2346 646 2379 693 3

2345 1271 2379 1319 4

253 1443 532 1497 securus.
610 1430 828 1497 ‘Nihil
874 1431 1116 1518 magis'
1161 1433 1377 1517 inquit
1420 1434 1531 1498 ille
1571 1430 1867 1498 Socrates
1914 1437 2027 1497 aut
2072 1434 2306 1516 aliquis
2342 1480 2354 1487 -

253 1522 449 1605 alius,
523 1522 625 1587 ius
698 1522 804 1587 cui
873 1521 1043 1586 idem
1107 1521 1411 1587 adversus
1475 1522 1761 1587 humana
1824 1525 2018 1605 atque
2084 1522 2306 1587 eadem

252 1614 540 1695 potestas
605 1614 706 1676 est
769 1610 1090 1696 ‘persuasi
1154 1612 1343 1695 mihi,
1419 1633 1613 1696 quam
1677 1634 1759 1676 ne
1823 1610 1903 1675 ad
1971 1612 2305 1696 opiniones

253 1704 498 1765 vestras
565 1703 781 1765 actum
846 1700 1017 1764 vitae
1077 1722 1256 1766 meae
1316 1701 1655 1766 flecterem.
1764 1702 1957 1766 solita
2019 1701 2306 1765 conferte

253 1789 540 1873 undique
597 1788 818 1853 verba:
869 1810 1006 1853 non
1059 1789 1411 1855 conviciari
1464 1812 1579 1855 vos
1636 1789 1878 1873 putabo
1928 1789 2038 1855 sed
2085 1789 2305 1876 vagire

251 1880 432 1944 velut
467 1879 746 1944 infantes
785 1878 1222 1944 miserrimos?
1285 1879 1444 1945 haec
1476 1879 1645 1945 dicet
1679 1880 1819 1962 ille,
1855 1880 1962 1946 cui
1982 1879 2306 1984 sapientia

254 1969 560 2054 contigit,
636 1989 826 2070 quem
901 1969 1154 2034 animus
1227 1969 1537 2034 vitiorum
1603 1969 1909 2033 immunis
1975 1951 2306 2052 increpare

253 2058 443 2139 alios,
498 2080 633 2122 non
688 2057 840 2140 quia
886 2058 1050 2142 odit,
1107 2058 1218 2123 sed
1265 2058 1336 2123 in
1380 2059 1733 2124 remedium
1782 2057 1978 2122 iubet.
2070 2058 2306 2124 adiciet

251 2146 355 2212 his
411 2146 550 2211 ma:
609 2109 1050 2211 e'existimatio
1087 2170 1192 2212 me
1246 2152 1461 2213 vestra
1512 2169 1647 2212 non
1692 2168 1836 2211 meo
1882 2145 2144 2212 nomine
2192 2147 2303 2212 sed

251 2239 468 2302 vestro
543 2239 792 2318 movet,
877 2235 1031 2320 quia
1103 2237 1494 2302 clamitantis
1571 2236 1783 2301 odisse
1857 2240 1921 2301 et
1992 2236 2302 2301 lacessere

252 2325 560 2391 virtutem
597 2325 804 2390 bonae
843 2325 980 2410 spei
1018 2324 1289 2391 eiuratio
1328 2330 1443 2392 est.
1515 2327 1762 2391 nullam
1802 2325 1963 2390 mihi
2002 2325 2303 2390 iniuriam

251 2415 492 2498 facitis,
554 2414 663 2481 sed
717 2437 799 2479 ne
857 2415 955 2480 dis
1015 2415 1272 2500 quidem
1318 2417 1390 2480 hi
1438 2416 1550 2499 qui
1596 2437 1737 2481 aras
1786 2418 2098 2480 evertunt.
2192 2415 2303 2480 sed

251 2505 496 2569 malum
544 2504 953 2588 propositum
1001 2509 1267 2589 apparet
1314 2507 1683 2590 malumque
1725 2505 2069 2572 consilium
2108 2506 2301 2570 etiam

433 2715 470 2770 3
507 2715 673 2786 omell
704 2717 863 2784 (eras.
894 2717 971 2785 m)
1009 2720 1064 2772 4
1099 2715 1122 2788 ΙΙ
1165 2716 1200 2771 4
1233 2715 1399 2771 uobis
1435 2734 1536 2772 om.
1566 2718 1706 2788 voly.
1743 2717 1803 2789 ΙΙ·
1784 2717 1844 2770 -5
1881 2716 2122 2785 obstupe
2158 2715 2297 2770 faci-

252 2790 357 2842 unt
385 2791 440 2842 A
478 2787 724 2854 divisim,
753 2792 816 2842 ut
841 2789 1052 2844 volebat
1081 2789 1285 2857 Haupt
1318 2805 1499 2858 opusc.
1530 2791 1643 2843 111
1663 2806 1724 2857 p.
1754 2793 1865 2845 357
1899 2788 1919 2860 ΙΙ
1960 2790 1989 2843 7
2017 2791 2083 2842 ut
2110 2787 2299 2857 ignari

255 2861 422 2914 Gertz
473 2861 532 2914 et
574 2857 762 2928 ignari
802 2859 859 2913 A
911 2862 970 2914 et
1014 2861 1116 2914 del.
1168 2861 1406 2930 Madvig]
1453 2860 1473 2932 ΙΙ
1522 2859 1558 2914 8
1602 2859 1705 2914 illa
1740 2861 2067 2929 pertineant
2108 2861 2303 2914 Muret

249 2930 355 2986 illa
405 2929 743 2999 pertinenda
789 2929 874 2984 A¹
924 2933 1064 3002 (vio-9
1063 2933 1193 2986 ulae
1240 2948 1407 3000 super
1454 2933 1745 3001 utramque
1791 2947 1826 2985 a
1873 2938 2063 3000 postea
2112 2947 2301 2986 erasae

248 3003 404 3071 sunt)
447 3001 469 3073 ΙΙ
516 3001 552 3056 9
587 3001 927 3086 intellegant
964 3003 1019 3057 A
1063 3019 1199 3058 corr.
1229 3003 1367 3074 voly.
1417 3003 1438 3076 ΙΙ
1487 3002 1555 3057 11
1603 3004 1662 3058 ia
1698 3003 1925 3072 iamque
1974 3003 2051 3072 (ia
2086 3003 2151 3057 in
2185 3019 2295 3058 ras.

249 3092 322 3128 m
354 3076 410 3143 5)
447 3073 504 3127 A
560 3071 566 3142 Ι
624 3090 690 3142 sp
693 3071 982 3127 olialaturi
1019 3073 1312 3144 sapientis.
1316 3020 1435 3130 921¹
1471 3073 1551 3142 (la
1586 3091 1627 3130 8.
1657 3093 1706 3130 v.
1716 3075 1865 3129 add.
1896 3093 1967 3130 m.
1998 3076 2051 3142 1)
2090 3074 2301 3143 spolia-

251 3145 441 3199 laturo
493 3143 742 3213 sapienti
780 3143 866 3200 A⁶
914 3150 1082 3215 yenet.
1137 3145 1411 3214 sapientis
1462 3146 1709 3212 defendit
1756 3147 1879 3202 Joh.
1920 3147 2131 3201 Micller
2176 3147 2296 3201 coll.

249 3217 389 3271 dial.
421 3216 484 3269 X
519 3221 571 3282 1,
598 3219 666 3280 2;
701 3219 757 3282 2,
786 3221 820 3269 4
857 3215 957 3270 IX
989 3222 1072 3282 17,
1102 3221 1136 3270 ¹7
1157 3215 1240 3342 ΙΙ
1250 3215 1329 3340 13Ζ
1358 3217 1563 3271 futuris
1592 3220 1648 3272 A
1685 3219 1990 3343 (ttorrigoly.
2023 3217 2059 3301 ΙΙ
2103 3216 2301 3359 ξὸἑαῇ

1157 3289 1272 3342 aio
1332 3304 1427 3344 oco
1462 3291 1691 3343 inserwn
1914 3305 1977 3342 sa
2018 3305 2111 3342 1en
2139 3305 2161 3342 1

249 3357 324 3414 23
375 3357 724 3412 clamitantis
774 3357 960 3412 odisse
1010 3359 1070 3429 (i.
1105 3375 1146 3414 e.
1197 3357 1557 3415 clamitantes
1608 3376 1667 3414 se
1721 3288 1907 3415 cudisse
1958 3305 2300 3430 significare)

256 3422 424 3486 Gertz
471 3429 778 3483 clamitatis
824 3429 1010 3485 odisse
1051 3431 1107 3485 A
1160 3429 1449 3487 claritates
1496 3431 1585 3487 od.
1634 3432 1865 3502 Georyes
1913 3431 1935 3503 ΙΙ
1984 3431 2055 3486 25
2091 3430 2301 3496 facitis,

253 3501 404 3556 sicut
439 3501 753 3556 Pincianus
790 3500 1006 3568 facitis,
1047 3503 1113 3555 ut
1151 3503 1474 3572 Wesenberq

1766 3609 1871 3662 15²³e
