2544 3746
261 77 348 144 68
657 75 718 130 L.
748 73 1032 128 ANNAEI
1069 73 1400 128 SENECAE
1442 73 1627 128 DIAL.
1656 73 1791 129 LIB.
1819 73 1913 129 111.

261 221 512 286 duobus
556 243 691 286 non
736 219 959 285 eodem
1005 221 1176 285 malo
1218 220 1484 304 afficiet,
1522 220 1579 284 si
1615 219 1793 284 alter·
1812 241 1929 304 per
1962 220 2304 306 neglegen-

261 311 419 375 tiam
457 310 744 393 admisit,
781 309 944 374 alter
979 309 1229 374 curavit
1263 312 1341 374 ut
1372 329 1611 375 nocens
1644 311 1825 373 esset.
1898 308 2024 373 hoc
2052 329 2307 392 semper

261 400 332 464 in
378 400 555 464 omni
601 397 1149 464 animadversione
1195 398 1501 482 servabit,
1557 401 1633 462 ut
1678 396 1840 464 sciat
1882 397 2148 462 alteram
2198 396 2304 461 ad-

262 477 497 573 hiberi,
550 491 628 553 ut
679 486 973 552 emendet
1016 488 1249 571 malos,
1296 487 1588 571 alteram,
1634 490 1710 551 ut
1752 487 1970 570 tollat3
2016 485 2084 550 in
2126 490 2304 551 utro-

265 599 391 662 que
448 598 582 642 non
639 577 1009 661 praeterita,
1055 577 1166 641 sed
1210 577 1431 640 futura
1474 574 1829 641 intuebitur
1873 611 1961 623 —-
2004 597 2181 660 nam,
2230 579 2305 640 ut
2370 596 2397 636 s

263 665 452 732 Plato
497 666 614 750 ait,
658 687 848 730 nemo
895 664 1175 749 prudens
1217 665 1432 749 punit,
1471 665 1624 749 quia
1657 668 1995 749 peccatum
2031 667 2153 748 est,
2192 663 2305 729 sed

263 777 346 820 ne
417 758 743 839 peccetur3
813 755 1101 819 revocari
1173 754 1344 818 enim
1412 754 1757 838 praeterita
1816 775 1951 818 non
2012 757 2305 838 possunt,

265 845 484 909 futura
544 843 969 929 prohibentur
1023 879 1129 928 —-,
1184 847 1250 908 et
1308 864 1471 927 quos
1528 844 1707 908 volet
1757 843 2094 927 nequitiae.
2135 843 2305 907 male

266 933 547 999 cedentis
607 933 901 1016 exempla
953 932 1119 1017 fieri,
1174 933 1389 1017 palam
1436 931 1710 1016 occidet,
1754 953 1888 996 non
1932 934 2185 996 tantum
2229 935 2309 997 ut

265 1026 530 1108 pereant
588 1022 740 1106 ipsi,
801 1020 912 1086 sed
969 1025 1046 1087 ut
1098 1022 1260 1086 alios
1308 1020 1633 1106 pereundo
1680 982 2054 1086 deterreant.
2144 1021 2307 1086 haec
2344 1043 2401 1083 ιο

267 1111 372 1176 cui
407 1110 821 1195 expendenda
857 1110 1378 1195 aestimandaque
1416 1115 1591 1194 sunt,
1631 1110 1810 1175 vides
1848 1131 2043 1204 quam
2079 1108 2308 1174 debeat

268 1201 445 1266 omni
489 1200 971 1284 perturbatione
1013 1199 1181 1265 liber
1225 1199 1523 1266 accedere
1569 1199 1651 1264 ad
1694 1221 1831 1265 rem
1878 1221 2127 1264 summa
2162 1199 2306 1263 dili·

269 1289 486 1376 gentia
555 1288 982 1372 tractandam,
1054 1292 1440 1373 potestatem
1511 1289 1683 1354 vitae
1744 1289 2075 1373 necisque3
2136 1289 2307 1353 male

268 1381 433 1443 irato
479 1379 721 1444 ferrum
767 1379 1208 1443 committitur.

446 1484 586 1550 XX.
667 1483 770 1550 Ne
833 1485 996 1550 illud
1059 1484 1318 1569 quidem
1382 1483 1795 1550 iudicandum
1863 1487 1987 1568 est,
2060 1483 2308 1568 aliquid
2347 1507 2402 1546 ιε
2537 1479 2538 1506 ³

268 1575 431 1644 iram
491 1573 570 1638 ad
630 1573 1138 1659 magnitudinem
1197 1572 1396 1639 animi
1454 1574 1770 1658 conferre3
1812 1595 1947 1638 non
1992 1576 2092 1640 est
2133 1572 2308 1638 enim
2537 1603 2538 1618 2

269 1663 384 1727 illa
419 1662 824 1749 magnitudo:
869 1666 1086 1728 tumor
1126 1667 1249 1746 est3
1293 1684 1413 1728 nec
1449 1662 1826 1748 corporibus
1864 1662 2053 1747 copia
2085 1662 2307 1727 vitiosi

268 1753 513 1818 umoris
566 1752 831 1816 intentis
880 1752 1144 1818 morbus
1190 1753 1653 1818 incrementum
1700 1756 1800 1817 est
1842 1751 1954 1816 sed
1998 1751 2307 1836 pestilens

243 1841 677 1907 abundantia
769 1863 1016 1925 omnes,
1064 1862 1225 1926 quos
1270 1861 1495 1908 vecors
1543 1841 1792 1907 animus
1836 1863 2031 1926 supra
2066 1840 2309 1928 cogita·

270 1932 477 1996 tiones
541 1930 796 1996 extollit
856 1932 1195 2015 humanas,
1269 1932 1473 1995 altum
1537 1930 1841 2015 quiddam
1906 1934 1972 1995 et
2034 1930 2309 1996 sublime
2348 1952 2406 1991 ιο

272 2021 514 2104 spirare
574 2042 642 2085 se
701 2020 993 2085 credunt.
1053 2022 1336 2085 ceterum
1392 2019 1490 2084 nil
1542 2019 1735 2085 solidi
1789 2019 2034 2103 subest,
2082 2019 2193 2084 sed
2238 2019 2312 2083 in

271 2108 522 2174 ruinam
558 2130 764 2193 prona
799 2112 950 2175 sunt
987 2128 1149 2213 quae
1187 2108 1325 2173 sine
1360 2108 1795 2175 fundamentis
1832 2130 2101 2179 crevere.
2173 2130 2312 2173 non

178 2222 180 2225 ’
269 2198 516 2263 habet
498 2220 596 2262 ira
632 2198 737 2263 cui
772 2198 1044 2263 insistat.
1108 2220 1243 2262 non
1279 2219 1359 2262 ex
1392 2198 1583 2263 firmo
1620 2218 2049 2283 mansuroque
2084 2196 2311 2281 oritur,

273 2287 383 2352 sed
436 2290 704 2351 ventosa
749 2290 814 2351 et
856 2288 1066 2352 inanis
1112 2290 1238 2352 est
1254 2290 1634 2371 tantumque
1680 2286 1863 2352 abest
1906 2309 1945 2350 a
1988 2287 2311 2372 magnitu-

273 2375 418 2439 dine
482 2376 705 2459 animi,
764 2379 1076 2460 quantum
1132 2399 1171 2440 a
1223 2374 1601 2441 fortitudine
1655 2375 1948 2461 audacia,
1991 2399 2030 2440 a
2072 2375 2314 2441 fiducia
2350 2396 2406 2436 ιε

272 2464 630 2549 insolentia,
667 2465 746 2529 ab
786 2466 1154 2531 austeritate
1189 2465 1473 2550 tristitia,
1504 2487 1543 2530 a
1574 2464 1909 2531 severitate
1945 2464 2309 2530 crudelitas.

271 2556 574 2637 multum,
630 2555 918 2639 inquam,
972 2554 1238 2619 interest
1296 2554 1463 2619 inter
1503 2552 1859 2620 sublimem
1912 2554 2198 2619 animum
2244 2558 2313 2618 et

274 2644 635 2728 superbum.
695 2643 1026 2709 iracundia
1050 2644 1218 2707 nihil
1245 2645 1532 2728 amplum
1560 2644 2014 2745 decorumque·
2016 2643 2312 2727 molitur;

274 2736 496 2797 contra
553 2732 716 2797 mihi
771 2732 1025 2797 videtur
1081 2733 1404 2798 veternosi
1462 2736 1527 2797 et
1583 2732 1859 2798 infelicis
1912 2732 2137 2816 animi,
2190 2732 2312 2796 im·

258 2821 640 2887 -becillitatis
687 2822 811 2888 sibi
852 2822 1120 2905 conscii,
1157 2818 1346 2906 saepe
1381 2821 1800 2905 indolescere,
1836 2825 1911 2886 ut
1946 2821 2313 2886 exulcerata
2352 2842 2411 2882 so
2537 2830 2538 2853 ἢ

273 2914 338 2975 et
395 2932 587 2996 aegra
645 2931 941 2995 corpora,
1001 2933 1164 2995 quae
1215 2911 1300 2976 ad
1353 2904 1563 2976 tactus
1617 2910 1977 2977 levissimos
2024 2914 2309 2995 gemunt.

451 3102 489 3157 c
525 3103 690 3157 Plato
726 3102 792 3159 ae
827 3104 1096 3174 1299.x1
1112 3106 1219 3159 934
1246 3104 1304 3159 A
1432 3087 1436 3093 '

451 3226 490 3281 8
543 3226 784 3311 animlg
788 3226 1122 3282 aduersione
1174 3228 1294 3312 4¹*
1261 3229 1329 3263 ”²
1386 3227 1595 3294 (fuerat
1657 3226 1837 3295 anim,
1892 3252 1949 3273 ει-
1984 3225 2229 3296 animus)
2206 3226 2318 3300 >u

275 3296 344 3353 17
381 3296 617 3352 uitiosifi
653 3297 764 3352 oris
793 3297 877 3353 Αι
913 3314 1050 3355 corr.
1078 3296 1166 3355 A⁸
1197 3299 1263 3353 in
1296 3297 1487 3355 vitiosi
1520 3296 1774 3353 humoris
1806 3297 1829 3371 ΙΙ
1866 3296 1939 3353 28
1974 3297 2062 3351 ira
2096 3298 2161 3351 in
2194 3314 2313 3354 ras.

277 3367 414 3451 ,4¹11
447 3365 520 3425 25
555 3370 734 3439 quatu
760 3371 817 3426 A
851 3368 872 3443 ΙΙ
905 3367 975 3425 27
1013 3368 1313 3426 sublimem
1346 3370 1484 3441 vola.
1523 3366 1764 3425 sublime
1790 3369 1848 3426 A
1872 3368 1903 3443 11
1935 3366 2009 3425 80
2036 3366 2252 3425 conscii
2279 3380 2317 3425 ς

275 3438 429 3493 cacia
453 3440 510 3495 A
545 3385 594 3512 ΙΙ
599 3438 669 3494 81
709 3456 855 3509 quae
890 3456 992 3497 om.
1019 3442 1157 3512 woly.
