2544 3746
157 1068 212 1107 10

152 1510 208 1551 15

145 1956 209 1996 20

141 2399 205 2440 25

411 100 512 154 AD
553 99 943 155 PAVLINVM
978 100 1076 155 DE
1115 98 1538 157 BREVITATE
1566 98 1791 154 VITAE
1828 97 1985 155 GAP.
2015 103 2083 154 20
2167 100 2299 167 309

249 246 560 330 inprobos
607 244 894 311 invalida
939 244 1188 311 defecit.
1267 243 1495 310 foedus
1542 243 1681 327 ille,
1727 263 1919 327 quem
1955 243 2025 309 in
2061 242 2302 310 iudicio
2338 260 2371 309 2

247 356 369 420 pro
407 333 834 421 ignotissimis
869 333 1309 421 litigatoribus
1348 333 1657 419 grandem
1692 336 1852 399 natu
1889 336 1954 397 et
1988 332 2303 417 inperitae

251 444 526 489 coronae
589 424 992 490 assensiones
1057 427 1426 509 captantem
1492 422 1754 507 spiritus
1811 422 2035 506 liquit;
2092 421 2303 506 turpis

248 512 388 596 ille,
454 512 568 597 11111
627 513 903 578 vivendo
962 514 1172 579 lassus
1232 512 1427 579 citius
1474 531 1669 595 quam
1720 510 2079 587 laborando
2134 511 2305 575 inter

249 602 395 686 ipsa
457 601 676 667 officia
741 602 1087 686 conlapsus
1151 604 1277 686 est3
1348 601 1586 685 turpis,
1657 619 1847 685 quem
1913 599 2304 685 accipiendis

249 690 705 756 inmorientem
763 690 1122 756 rationibus
1183 690 1297 756 diu
1351 692 1596 755 tractus
1644 689 1788 755 risit
1830 688 2032 754 heres.
2124 710 2305 773 prae·
2341 704 2374 754 3

249 780 442 844 terire
518 779 692 863 quod
770 778 936 845 mihi
1009 778 1290 846 occurrit
1364 779 1732 863 exemplum
1803 799 1939 843 non
2009 798 2306 863 possum:

253 866 314 933 S.
345 866 712 933 Turannius
772 868 901 971 fuit
961 871 1222 935 exactae
1283 867 1657 970 diligentiae
1716 889 1936 951 senex,
1998 867 2111 951 qui
2143 869 2307 970 ‘post

250 960 1767 1131 xnssfnofflssffifflasswsszssffl
1799 960 2307 1111 „ssfffifflssnsst

249 1134 431 1199 velut
489 1133 852 1200 exanimem
906 1157 946 1198 a
991 1136 1451 1202 circumstante
1509 1132 1757 1200 familia
1813 1134 2040 1219 plangi
2099 1133 2301 1198 iussit.

247 1223 518 1309 lugebat
581 1223 814 1289 domus
879 1224 1088 1290 otium
1150 1223 1400 1302 domini
1464 1222 1633 1289 senis
1696 1242 1816 1288 nec
1879 1222 2095 1287 finivit
2158 1227 2306 1287 ante

247 1313 613 1396 tristitiam,
659 1334 854 1397 quam
899 1312 1086 1379 labor
1130 1312 1229 1377 illi
1276 1332 1430 1378 suus
1474 1311 1811 1378 restitutus
1858 1314 1973 1377 est.
2064 1311 2307 1376 adeone

248 1400 433 1467 iuvat
496 1406 886 1486 occupatum
945 1401 1159 1467 mori?
1245 1400 1420 1466 idem
1478 1400 1803 1485 plerisque
1864 1400 2116 1466 animus
2182 1402 2307 1466 est:
2342 1416 2377 1465 4

250 1490 494 1556 diutius
556 1490 877 1574 cupiditas
937 1491 1082 1557 illis
1115 1489 1360 1555 laboris
1408 1510 1602 1573 quam
1648 1488 1924 1574 facultas
1970 1492 2097 1573 est3
2157 1510 2307 1554 cum

248 1580 672 1645 inbecillitate
720 1579 1012 1663 corporis
1057 1582 1384 1665 pugnant,
1428 1580 1822 1645 senectutem
1869 1578 2077 1661 ipsam
2122 1577 2323 1645 nullo.

247 1668 380 1733 alio
426 1668 689 1733 nomine
736 1690 1000 1755 gravem
1046 1668 1361 1752 iudicant,
1401 1688 1597 1752 quam
1636 1666 1809 1751 quod
1846 1666 1995 1732 illos
2034 1668 2305 1750 seponit.

246 1757 359 1822 lex
404 1779 443 1832 a
489 1757 1028 1843 quinquagesimo
1085 1779 1256 1823 anno
1315 1756 1588 1822 militem
1633 1776 1769 1821 non
1812 1755 2002 1842 legit,
2046 1778 2085 1821 a
2131 1777 2307 1821 sexa-

249 1845 498 1932 gesimo
561 1852 925 1913 senatorem
982 1868 1119 1913 non
1178 1846 1365 1913 citat:
1425 1844 1753 1912 difficilius
1812 1845 2109 1927 homines
2156 1868 2195 1910 a
2240 1866 2307 1910 se

250 1937 461 2000 otium
506 1935 859 2020 impetrant
905 1958 1100 2021 quam
1147 1959 1188 2000 a
1230 1936 1393 2021 lege.
1465 1935 1726 2000 interim
1774 1934 1927 2000 dum
1964 1937 2307 2018 rapiuntur
2344 1951 2377 1998 5

249 2027 317 2088 et
375 2025 666 2108 rapiunt,
730 2024 886 2090 dum
945 2027 1110 2090 alter
1170 2024 1436 2090 alterius
1496 2023 1802 2108 quietem'
1832 2024 2104 2107 rumpit,
2152 2023 2306 2088 dum

249 2116 481 2178 mutuo
530 2113 747 2179 miseri
795 2116 973 2198 sunt,
1018 2113 1155 2178 vita
1190 2116 1289 2179 est
1326 2113 1463 2178 sine
1498 2112 1740 2195 fructu,
1780 2113 1919 2178 81110
1954 2113 2307 2196 voluptate,

251 2201 390 2267 sine
445 2202 584 2266 ullo
640 2201 940 2286 profectu
995 2202 1221 2267 animi:
1280 2223 1472 2267 nemo
1518 2201 1589 2272 in
1632 2200 1983 2286 conspicuo
2031 2205 2305 2265 mortem

247 2289 476 2374 habet,
534 2311 726 2355 nemo
785 2313 922 2356 non
978 2291 1212 2375 procul
1270 2308 1417 2378 spes
1479 2289 1781 2375 intendit,
1826 2290 2106 2374 quidam
2155 2311 2305 2355 vero

250 2378 610 2463 disponunt
668 2379 864 2444 etiam
920 2380 1060 2463 illa,
1122 2401 1287 2464 quae
1341 2379 1515 2445 ultra
1550 2379 1753 2444 vitam
1801 2383 1981 2461 sunt,
2040 2399 2306 2464 magnas

248 2468 458 2532 moles
506 2469 952 2551 sepulcrorum
996 2472 1064 2533 et
1108 2490 1380 2553 operum
1426 2468 1836 2552 publicorum
1874 2468 2307 2533 dedicationes
2379 2521 2381 2525 .

249 2561 317 2622 et
379 2555 460 2620 ad
519 2579 755 2642 rogum
815 2579 1084 2622 munera
1138 2561 1204 2622 et
1259 2556 1632 2622 ambitiosas
1677 2558 1997 2641 exequias.
2092 2562 2161 2620 at
2204 2578 2308 2621 me

247 2645 547 2710 hercules
607 2646 883 2710 istorum
943 2645 1199 2730 funera,
1243 2649 1576 2728 tamquam
1622 2645 1965 2731 minimum
2013 2645 2311 2729 vixerint,

251 2734 333 2800 ad
380 2733 553 2798 faces
601 2736 667 2798 et
713 2754 932 2815 cereos
980 2734 1272 2800 ducenda
1318 2737 1485 2800 sunt.

432 2907 470 2961 2
522 2914 652 2976 post
707 2908 982 2980 grandem
1038 2910 1180 2963 natu
1229 2915 1332 2966 aut
1378 2908 1792 2964 declamantem
1836 2913 1957 2964 sim.
1996 2910 2310 2964 addendum

249 2984 354 3032 aut
404 2980 463 3032 et
512 2977 816 3034 tollendum
865 2986 1045 3034 censet
1094 2979 1258 3035 Gertz
1312 2979 1321 3052 Ι
1374 2980 1677 3050 imperitae
1720 2981 1856 3050 voly.
1906 2981 2161 3048 inpedite
2199 2981 2256 3036 A
2291 2979 2313 3052 ΙΙ

250 3049 288 3102 3
326 3049 680 3114 assensiones
718 3051 775 3106 A
810 3051 906 3105 sed
942 3066 1006 3104 as
1044 3068 1088 3106 s.
1117 3069 1167 3106 v.
1196 3051 1328 3106 add.
1358 3050 1443 3107 A⁸
1488 3051 1509 3123 ΙΙ
1558 3051 1594 3104 5
1638 3052 1785 3107 inter
1828 3050 2011 3119 turpis
2054 3058 2105 3106 et
2142 3067 2310 3120 quem

254 3137 340 3196 ΑΒ
383 3154 428 3192 s.
466 3155 516 3193 v.
563 3137 663 3194 ille
714 3139 939 3194 addidit
986 3137 1009 3212 ΙΙ
1061 3138 1097 3194 8
1148 3138 1202 3194 S.
1241 3137 1563 3194 Turannius
1612 3139 1777 3194 Gertz
1830 3126 2150 3207 styrannius
2192 3140 2249 3195 A
2292 3138 2315 3212 ΙΙ

252 3206 886 3337 ἒὲτὲῗὲἰἏΒοπρατεὶαε
929 3211 1078 3280 tegit
1105 3211 1162 3266 A
1201 3209 1286 3280 (81
1318 3210 1472 3281 cogit
1506 3212 1572 3265 in
1606 3228 1779 3282 marg.
1810 3210 1914 3280 A⁶)
1950 3211 1971 3284 Η
1999 3211 2089 3265 26
2124 3210 2312 3281 pupli-

437 3388 906 3458 Subsmptionem
932 3391 1108 3445 minio
1137 3391 1347 3459 pictam
1374 3390 1521 3445 hanc
1545 3390 1707 3445 habet
1733 3390 1895 3445 liber.-
1931 3389 1992 3442 L.
2014 3389 2079 3443 A.
2102 3387 2311 3460 Senece

256 3457 346 3511 Ad
383 3457 629 3514 Paulinfi
666 3460 753 3515 De
789 3458 1076 3515 breuitate
1111 3460 1234 3533 uite
1271 3461 1511 3530 explicit
1554 3497 1659 3510 ..m
1714 3461 1721 3533 Ι
1781 3460 1846 3514 111
1893 3461 1947 3514 ci
1991 3461 2080 3528 pit
2122 3460 2312 3530 [sylla
