2544 3746
487 50 588 105 AD
625 48 1016 105 PAVLINVM
1049 49 1151 105 DE
1187 49 1610 106 BREVITATE
1640 50 1867 105 VITAE
1905 49 2059 106 CAP.
2091 56 2125 106 8
2208 54 2341 120 289

287 195 458 261 diem
512 198 845 278 tamquam
899 194 1205 262 ultimum
1261 196 1544 279 ordinat,
1587 217 1709 262 nec
1754 199 1941 280 optat
1987 196 2344 274 crastinum.

283 306 408 351 nec
452 284 653 350 timet.
747 284 904 369 quid
951 284 1124 351 enim
1169 288 1294 369 est,
1351 286 1526 370 quod
1571 284 1702 350 iam
1747 285 1885 350 ulla
1927 284 2091 350 hora
2133 307 2341 351 novae

284 372 641 458 voluptatis
687 372 897 457 possit
941 373 1232 438 adferre?
1296 374 1524 439 ‘omnia
1556 377 1742 458 nota,
1780 373 2000 439 omnia
2034 374 2117 439 ad
2154 375 2340 440 satie·

283 466 486 527 tatem
532 465 838 546 percepta
883 466 1052 527 sunt.
1128 462 1206 527 da
1252 466 1466 528 cetero
1512 463 1649 528 fors
1695 464 1986 547 fortuna,
2032 466 2106 529 ut
2146 464 2341 543 volet,

217 571 244 612 5
285 551 565 617 ordinet:
624 551 761 616 vita
814 550 944 614 iam
1000 551 1073 616 in
1125 554 1270 617 tuto
1328 555 1441 617 est.
1535 552 1688 617 huic
1734 551 1901 619 adici
1946 555 2190 637 potest,
2237 552 2338 617 de-

283 640 457 705 trahi
499 638 692 723 nihil,
738 643 802 705 et
848 638 1015 705 adici
1061 639 1193 723 sic,
1229 640 1775 724 quemadmodum
1822 644 2043 707 saturo
2088 641 2218 706 iam
2266 662 2340 708 ac

281 730 476 815 pleno
538 726 784 812 aliquid
845 727 1001 811 cibi,
1061 729 1235 811 quod
1290 750 1411 795 noc
1456 728 1777 795 desiderat
1820 734 1879 795 et
1923 728 2113 815 capit.
2206 751 2339 795 non
2380 748 2447 796 10

283 822 383 883 est
440 818 660 901 itaque
716 817 891 902 quod
947 837 1340 901 quemquam
1399 822 1669 902 propter
1724 839 1919 885 canos
1976 822 2089 883 aut
2143 840 2337 905 rugas

281 909 471 993 putes
537 907 648 971 diu
711 906 976 976 vixisse:
1048 927 1184 971 non
1245 906 1358 970 ille
1424 906 1535 971 diu
1598 907 1791 991 vixit,
1850 908 1965 973 sed
2023 907 2134 972 diu
2194 908 2335 973 fuit.

184 1016 243 1057 10
282 996 440 1081 quid
505 996 704 1079 enim,
765 994 822 1059 si
879 996 1068 1060 illum
1127 997 1407 1060 multum
1468 999 1658 1080 putas
1717 996 2085 1082 navigasse,
2146 1018 2337 1081 quem

282 1105 475 1150 saeva
531 1088 882 1169 tempestas
928 1107 968 1149 a
1013 1088 1210 1167 portu
1265 1090 1609 1168 exceptum
1664 1085 1794 1150 huc
1850 1089 1915 1149 et
1970 1085 2126 1152 illuc
2184 1086 2339 1150 tulit

282 1195 358 1240 ac
403 1173 652 1239 vicibus
698 1176 1041 1238 ventorum
1102 1196 1182 1238 ex
1237 1173 1490 1239 diverso
1545 1173 1900 1241 furentium
1951 1195 2069 1257 per
2115 1175 2333 1239 eadem

281 1263 492 1347 spatia
535 1263 606 1328 in
653 1262 873 1327 orbem
920 1260 1098 1347 egit?
1168 1284 1303 1328 non
1348 1262 1459 1329 ille
1506 1263 1785 1328 multum
1831 1263 2193 1349 navigavit,
2238 1268 2339 1328 set

280 1352 562 1416 multum
608 1351 884 1416 iactatus
933 1354 1048 1415 est.

183 1476 242 1519 ιε
461 1456 634 1523 VIH.
717 1456 942 1522 Mirari
1009 1457 1185 1522 soleo
1194 1506 1214 1540 ,
1284 1478 1432 1522 cum
1500 1458 1688 1523 video
1759 1457 2013 1543 aliquos
2078 1462 2332 1543 tempus
2411 1476 2437 1523 1

279 1550 569 1633 patentes
618 1550 681 1611 et
717 1567 858 1630 eoa,
904 1546 1016 1630 qui
1050 1550 1389 1631 rogantur,
1439 1546 1815 1631 facillimos;
1860 1547 2025 1612 illud
2062 1550 2333 1632 uterque
2400 1588 2402 1590 ·

279 1638 558 1720 spectat,
601 1638 870 1720 propter
914 1635 1089 1719 quod
1133 1641 1393 1720 tempus
1438 1635 1717 1720 petitum
1764 1639 1891 1719 est,
1934 1636 2151 1721 ipsum
2196 1636 2333 1719 qui-

280 1724 426 1789 dem
473 1728 725 1789 neuter:
773 1725 958 1808 quasi
1001 1724 1168 1788 nihil
1212 1724 1487 1809 petitur,
1533 1724 1717 1808 quasi
1761 1724 1929 1789 nihil
1975 1724 2178 1789 datur.
2265 1746 2332 1788 re

281 1813 572 1879 omnium
626 1811 1093 1898 pretiosissima
1135 1813 1411 1898 luditur;
1463 1812 1637 1879 fallit
1682 1816 1899 1880 autem
1946 1812 2125 1898 illos,
2181 1813 2333 1898 quia

179 1923 242 1964 20
277 1924 382 1968 res
428 1903 852 1987 incorporalis
900 1907 1024 1985 est,
1082 1903 1235 1986 quia
1280 1903 1399 1969 sub
1450 1905 1671 1968 oculos
1716 1925 1852 1968 non
1896 1905 2103 1987 venit,
2159 1903 2332 1969 ideo-

281 2013 406 2076 que
481 1991 794 2057 vilissima
866 1992 1266 2075 aestimatur,
1341 1993 1541 2057 immo
1605 2013 1809 2075 paena
1873 1992 2129 2057 nullum
2194 1992 2330 2057 eius

276 2081 561 2164 pretium
616 2085 729 2146 est.
822 2102 1064 2164 annua,
1118 2080 1447 2166 congiaria
1460 2081 1798 2176 ,homines
1855 2081 2185 2146 carissime.
2230 2102 2330 2147 ac·
2406 2097 2437 2145 2

279 2169 531 2254 cipiunt
576 2173 642 2235 et
685 2169 816 2234 illis
853 2173 966 2234 aut
999 2169 1289 2235 laborem
1326 2174 1439 2233 aut
1476 2190 1739 2253 operam
1778 2174 1892 2248 aut
1928 2169 2330 2256 diligentiam

278 2278 464 2324 suam
499 2259 746 2324 locant:
781 2281 972 2323 nemo
1010 2259 1309 2324 aestimat
1343 2262 1631 2342 tempus;
1667 2261 1943 2323 utuntur
1977 2257 2092 2323 illo
2119 2259 2330 2325 laxius

177 2371 239 2413 25
277 2349 466 2432 quasi
513 2347 812 2434 gratuito.
888 2350 955 2412 at
999 2347 1256 2413 eosdem
1306 2366 1532 2433 aegros
1571 2347 1747 2431 vide,
1791 2348 1848 2412 si
1894 2347 2124 2413 mortis
2167 2349 2330 2432 peri-

458 2557 491 2611 1
527 2560 821 2626 tamquam
856 2555 1121 2612 ultimum
1153 2557 1318 2616 Gertz
1344 2574 1413 2613 ex
1438 2557 1701 2628 Bentleyi
1735 2559 1898 2625 coni„
1933 2559 2032 2628 qui
2055 2557 2330 2613 ‘ultimam

275 2629 446 2684 scribi
489 2629 702 2689 volebat
743 2629 1037 2698 tamquam
1077 2628 1261 2684 uitam
1289 2631 1346 2685 A
1383 2629 1531 2698 quod
1564 2629 1789 2696 defendi
1815 2646 1978 2698 posse
2014 2631 2134 2686 coll.
2172 2633 2326 2700 epist.

277 2705 403 2768 101,
432 2704 502 2755 10
540 2699 764 2758 aemio
807 2700 1128 2767 videbam-m
1175 2701 1324 2756 illud
1366 2706 1551 2756 tamen
1595 2700 1733 2755 mvn·
1772 2717 1981 2770 quoque
2008 2702 2327 2770 praeferen-

275 2771 411 2826 dum
437 2771 653 2828 videtur
678 2772 798 2826 coll.
819 2772 974 2840 epist.
997 2775 1084 2838 22,
1102 2775 1168 2838 8,·
1193 2773 1383 2828 mouit.
1405 2771 1640 2827 Senecae
1663 2779 1799 2830 sent.
1816 2777 1889 2828 48
1915 2773 1995 2827 ed.
2022 2773 2283 2840 Wfflfflin
2308 2773 2330 2846 ΙΙ

275 2842 314 2897 2
347 2842 465 2899 iam
500 2841 622 2896 ulla
658 2842 800 2897 hora
835 2854 870 2896 ς
913 2849 966 2898 et
1006 2842 1145 2913 voly.
1192 2842 1309 2896 iam
1347 2843 1507 2900 nulla
1541 2842 1683 2897 hora
1739 2843 1795 2897 A
1908 2843 1945 2898 4
1984 2842 2099 2897 fors
2134 2845 2329 2900 Muret

274 2912 398 2974 foro
431 2914 488 2969 A
523 2913 545 2986 ΙΙ
589 2912 626 2968 5
661 2920 791 2969 ante
828 2912 980 2969 adici
1018 2913 1342 2985 Wesenberq
1379 2913 1597 2982 aliquid
1857 2932 1953 2969 wm
1989 2922 2197 2983 censen
2231 2916 2329 2974 sed

274 2985 378 3052 cfr.
406 2985 529 3040 Joh.
553 2985 767 3041 Mamer
796 2985 861 3040 in
892 2991 996 3041 act.
1016 2986 1194 3041 Acad.
1223 2986 1451 3042 Vindob.
1483 2985 1757 3042 0XV111
1779 3001 1841 3054 p.
1872 2989 1945 3041 32
1978 2985 1999 3058 ΙΙ
2038 2985 2067 3039 ’2
2102 2988 2160 3042 et
2193 2987 2324 3042 aad.

277 3057 518 3127 Madviq
551 3055 572 3128 Η
606 3055 643 3110 9
678 3057 846 3125 putes
882 3056 983 3111 diu
1017 3055 1270 3128 uixissesl
1302 3056 1402 3111 diu
1438 3056 1551 3110 fuit
1576 3056 1662 3111 A²
1693 3057 1850 3125 (eras.
1880 3056 1957 3125 d).
2011 3058 2177 3113 verba
2212 3073 2325 3113 non

273 3125 375 3182 ille
405 3125 506 3180 diu
529 3127 692 3182 uixit.
750 3127 850 3182 aed
878 3125 964 3182 A²
987 3133 1089 3182 aut
1113 3126 1199 3187 A⁸
1223 3144 1267 3184 ε.
1296 3145 1345 3183 v.
1374 3128 1525 3195 add„
1554 3126 1639 3182 Αις
1664 3132 1766 3182 aut
1792 3125 1878 3182 A⁸
1904 3127 2145 3182 evanida
2169 3145 2323 3184 reno·

273 3199 430 3254 vovit
463 3203 516 3253 et
548 3205 672 3267 post
704 3198 915 3253 uixisse
946 3199 1242 3254 inserenda
1268 3215 1379 3254 esse
1404 3199 1743 3268 significavit
1767 3197 1787 3270 ΙΙ
1818 3197 1889 3252 10
1915 3197 2069 3266 quod
2097 3198 2247 3265 enim
2267 3200 2323 3254 A

273 3285 415 3329 corr.
456 3270 546 3324 vol
583 3310 593 3323 .
644 3267 666 3340 ΙΙ
714 3268 784 3323 18
821 3284 881 3323 re
910 3270 1104 3325 Muret
1138 3285 1226 3324 res
1254 3269 1312 3324 A
1356 3269 1377 3342 ΙΙ
1420 3267 1490 3324 21
1528 3267 1799 3324 vilissime
1837 3269 2159 3341 Wesenbery
2192 3269 2321 3336 fort.
2526 3329 2528 3338 Α

274 3346 415 3396 recte
449 3338 470 3412 ΙΙ
541 3370 574 3394 ..ι
605 3339 893 3395 carissime
920 3351 956 3394 ς·
991 3339 1270 3394 carissimi
1298 3341 1354 3395 A
1387 3338 1516 3415 1128
1540 3339 1658 3394 illis
1688 3342 1789 3394 aut
1820 3339 1983 3397 Gertz
2018 3340 2129 3396 inin
2156 3340 2325 3396 utA¹
2526 3349 2529 3456 ι

275 3411 428 3472 inhia
467 3412 568 3471 aut
595 3409 760 3482 A¹(‘?)
797 3411 924 3485 1125
960 3411 1095 3467 uide
1121 3411 1178 3466 A
1214 3411 1410 3469 videas
1440 3410 1679 3482 Madviy

387 3518 620 3563 Smmcm
644 3526 815 3563 orsu
832 3520 870 3560 Ι.
891 3523 928 3561 1.
949 3519 1018 3560 ed.
1039 3519 1290 3562 Hermen.
1824 3522 1889 3572 19
