2544 3746
264 85 354 152 34
673 83 734 138 ιι.
763 81 1049 138 Anium
1085 80 1417 138 SENECAE
1452 81 1644 137 Dm.
1672 81 1808 139 Lm.
1836 81 1905 138 11.

263 232 334 295 in
397 251 465 294 se
531 250 668 293 esse
730 251 850 295 nec
911 228 1184 294 fiduciae
1239 229 1521 295 ostendit
1577 228 1689 314 qui
1734 229 2128 296 contumelia
2172 229 2316 296 affi-

264 319 459 402 citur;
517 339 652 382 non
704 317 896 384 dubie
951 317 1121 383 enim
1177 322 1621 404 contemptum
1666 340 1737 384 se
1780 318 2051 402 iudicat,
2096 323 2160 385 et
2202 319 2321 386 hic

264 427 519 479 morsus
556 429 692 472 non
726 407 864 473 sine
892 394 1169 493 quadam
1197 406 1563 474 humilitate
1592 407 1793 474 animi
1820 407 2033 473 evenit
2060 409 2319 494 suppri-

265 496 498 562 mentis
547 517 614 562 se
660 519 737 564 ac
781 496 1237 564 descendentis.
1305 498 1560 582 sapiens
1607 501 1821 563 autem
1860 521 1899 563 a
1932 497 2115 563 nullo
2163 520 2318 564 con-

264 586 602 671 temnitur,
665 585 1176 673 magnitudinem
1233 608 1418 651 suam
1470 586 1657 651 novit
1709 588 2003 673 nullique
2054 589 2318 652 tantum
2390 608 2415 648 5

267 676 344 742 de
410 697 477 742 se
540 675 732 742 licere
795 676 1123 740 renuntiat
1185 675 1312 742 sibi
1365 678 1431 740 et
1486 675 1695 740 omnis
1749 675 1897 760 has,
1961 697 2121 761 quas
2179 698 2320 745 non

266 766 556 831 miserias
611 765 976 830 animorum
1031 765 1143 832 sed
1196 764 1526 836 molestias
1574 764 1875 848 dixerim,
1930 786 2067 832 non
2109 765 2321 832 vincit

267 857 378 920 sed
422 877 504 918 ne
541 855 738 919 sentit
775 854 1051 939 quidem.
1117 855 1246 920 alia
1269 857 1425 919 sunt
1462 875 1625 939 quae
1663 854 2018 939 sapientem
2054 856 2321 939 feriunt,

249 943 460 1010 'etiam
491 943 546 1008 si
573 965 706 1008 non
734 947 1127 1028 pervertunt,
1151 947 1227 1009 ut
1254 943 1443 1010 dolor
1469 945 1759 1030 corporis
1789 947 1853 1009 et
1880 943 2177 1010 debilitas
2202 949 2322 1010 aut

265 1034 619 1099 amicorum
683 1033 1164 1119 liberorumque
1227 1033 1491 1099 amissio
1556 1038 1621 1098 et
1683 1034 1930 1119 patriae
1982 1033 2156 1098 bello
2205 1033 2321 1098 fla·
2357 1055 2415 1094 ιο

266 1124 513 1210 grantis
579 1124 938 1188 calamitas·
1000 1122 1160 1189 haec
1221 1143 1357 1187 non
1409 1143 1577 1209 nego
1634 1124 1871 1189 sentire
1931 1123 2321 1209 sapientem3

265 1235 383 1279 nec
429 1213 602 1278 enim
646 1212 882 1297 lapidis
929 1213 1028 1277 illi
1073 1211 1381 1276 duritiam
1426 1211 1659 1277 ferrive
1696 1212 2067 1278 adserimus
2133 1211 2323 1276 nulla

265 1305 470 1368 virtus
519 1306 645 1385 est,
691 1324 854 1385 quae
898 1324 1034 1366 non
1077 1301 1315 1367 sentiat
1350 1319 1418 1366 se
1455 1301 1721 1386 perpeti.
1788 1300 1945 1390 quid
1982 1322 2135 1387 ergo
2175 1301 2321 1366 est?

266 1391 579 1476 quosdam
617 1390 783 1457 ictus
829 1391 1090 1476 recipit,
1135 1390 1247 1456 sed
1301 1393 1592 1475 receptos
1640 1391 1877 1456 evincit
1913 1386 1979 1455 et
2024 1394 2209 1456 sanat
2254 1394 2323 1456 et

267 1481 664 1566 comprimit,
708 1479 868 1546 haec
893 1501 1046 1546 vero
1093 1479 1347 1546 minora
1389 1503 1471 1546 ne
1519 1481 1715 1546 sentit
1751 1480 2012 1565 quidem
2054 1501 2174 1546 nec
2211 1479 2413 1545 ad-1s

265 1591 487 1636 versus
544 1593 618 1634 ea
673 1570 866 1636 solita
909 1570 1025 1635 illa
1069 1569 1309 1634 virtute
1354 1571 1562 1634 utitur
1606 1571 1768 1635 dura
1811 1570 2159 1653 tolerandi,
2204 1569 2319 1634 sed

266 1664 379 1754 aut
422 1682 557 1725 non
601 1659 868 1725 adnotat
912 1663 1026 1724 aut
1071 1659 1268 1745 digna
1312 1659 1450 1724 risu
1500 1662 1705 1743 putat.

444 1764 554 1831 XI.
602 1764 938 1832 Praeterea
966 1788 1111 1832 cum
1142 1786 1446 1852 magnam
1480 1768 1730 1850 partem
1777 1765 2319 1831 contumeliarum

267 1855 527 1944 superbi
575 1856 1050 1940 insolentesque
1096 1855 1339 1923 faciant
1383 1858 1449 1921 et
1485 1856 1652 1922 male
1697 1854 2073 1922 felicitatem
2111 1855 2318 1922 feren-

265 1950 384 2031 tes,
417 1946 615 2012 habet
652 1969 781 2031 quo
819 1948 1017 2012 istum
1048 1944 1350 2013 affectum
1378 1946 1677 2011 inflatum
1705 1950 1985 2029 respuat,
2021 1944 2320 2030 pulcher·
2356 1966 2413 2005 ιο

265 2038 497 2101 rimam
526 2037 832 2101 virtutem
872 2037 1162 2101 omnium
1202 2034 1483 2121 [animi],
1519 2036 2147 2122 magnanimitatem:
2183 2034 2321 2117 ina,

268 2124 577 2211 quicquid
641 2124 958 2190 eiusmodi
1022 2128 1146 2209 est,
1217 2124 1602 2189 transcurrit
1672 2127 1748 2188 ut
1810 2144 2006 2189 vanas
2072 2123 2319 2208 species

267 2216 666 2281 somniorum
695 2214 1001 2300 visusque
1045 2218 1399 2281 nocturnos
1444 2212 1614 2278 nihil
1656 2212 1954 2278 habentis
1996 2213 2189 2279 solidi
2225 2217 2321 2278 at-

267 2325 392 2389 que
437 2306 588 2369 veri
691 2304 888 2369 simul
950 2303 1114 2369 illud
1167 2304 1415 2390 cogitat
1480 2324 1702 2368 omnes
1760 2303 2097 2368 inferiores
2162 2324 2321 2385 esse,

269 2415 463 2478 quam
526 2397 602 2459 ut
665 2394 797 2459 illis
853 2393 1121 2459 audacia
1175 2395 1261 2458 sit
1323 2395 1507 2457 tanto
1563 2392 1915 2457 excelsiora
1974 2391 2317 2476 despicere.
2357 2412 2411 2452 ιιι

268 2484 660 2549 contumelia
695 2506 734 2547 a
771 2486 1148 2567 contemptu
1179 2482 1354 2548 dicta
1389 2486 1505 2565 est,
1534 2483 1687 2565 quia
1722 2503 1912 2546 nemo
1959 2481 2089 2546 nisi
2127 2502 2320 2563 quem

267 2574 658 2657 contempsit
728 2574 846 2637 tali
910 2573 1147 2637 iniuria
1198 2575 1409 2655 notat3
1473 2593 1665 2636 nemo
1730 2574 1947 2635 autem
2007 2570 2318 2635 maiorem

267 2662 728 2745 melioremque
784 2663 1167 2747 contemnit,
1230 2662 1425 2726 etiam
1482 2662 1538 2725 si
1592 2659 1750 2725 facit
1803 2659 2079 2743 aliquid,
2144 2660 2321 2743 quod

269 2755 749 2817 contemnentes
806 2752 1031 2817 solent.
1125 2773 1277 2816 nam
1338 2754 1401 2815 et
1456 2750 1639 2836 pueri
1698 2770 1771 2814 os
1817 2749 2184 2833 parentium
2231 2748 2324 2814 fe-

265 2842 443 2905 riunt
507 2845 571 2906 et
627 2842 833 2908 crines
889 2841 1114 2909 matris
1169 2840 1455 2905 turbavit
1507 2838 1941 2922 laceravitque
1994 2838 2208 2903 infans
2256 2842 2325 2903 et
2360 2860 2415 2899 so

447 3033 486 3089 4
531 3036 952 3104 contempnitur
987 3036 1045 3092 A
1093 3034 1114 3108 u
1162 3034 1200 3089 6
1243 3034 1539 3089 renuntiat
1572 3044 1608 3087 s
1642 3031 1872 3087 nuntiat
1911 3032 1970 3087 A
2020 3031 2178 3101 (dial.
2224 3030 2333 3087 XI

268 3110 318 3170 6,
343 3110 390 3159 1.
433 3106 644 3161 Vahlen
671 3106 862 3162 Herm.
893 3106 1089 3162 XVII
1107 3106 1237 3176 272)
1275 3105 1297 3179 Η
1330 3104 1367 3161 8
1394 3104 1626 3174 quidem
1651 3120 1695 3160 ε.
1715 3121 1766 3159 υ.
1786 3104 1913 3159 add
1938 3102 2025 3159 A*
2048 3102 2071 3175 ΙΙ
2104 3101 2177 3157 12
2204 3101 2325 3169 illis

266 3177 323 3230 A
365 3176 373 3247 Ι
425 3176 740 3233 adserimus
768 3178 855 3234 Αι
889 3195 1026 3234 corr.
1056 3195 1123 3233 m
1158 3192 1275 3232 ass·-
1311 3177 1439 3244 fort.
1469 3194 1538 3230 m.
1566 3178 1606 3231 2
1651 3176 1673 3249 ΙΙ
1721 3174 1793 3230 13
1837 3174 2053 3230 sentias
2096 3165 2328 3243 perpeti

267 3247 404 3316 voly.
442 3247 570 3331 11120
608 3250 780 3303 istum
816 3252 936 3305 sine
972 3249 1142 3305 dubio
1169 3247 1278 3316 A²,·
1263 3264 1486 3317 08upra
1517 3248 1729 3303 litterae
1752 3246 2021 3301 evanidas
2047 3244 2133 3301 ,Αο
2159 3244 2327 3299 ιΠιιιιι

268 3319 491 3385 scripsit
524 3319 676 3445 221
727 3322 905 3375 animi
951 3323 1074 3391 (aut
1110 3318 1337 3389 animis)
1384 3320 1448 3373 in
1481 3319 1592 3386 fine
1626 3334 1815 3373 versus
1841 3316 1927 3371 A¹
1924 3317 2129 3386 ,quod
2162 3318 2330 3371 mis

216 3422 221 3429 ·
269 3389 497 3444 inclusit
589 3408 751 3460 <masc
787 3395 851 3448 in
887 3408 1046 3463 mai-9
1049 3390 1176 3448 .A⁸
1205 3398 1325 3447 octo
1384 3396 1487 3445 aut
1518 3391 1740 3459 septem)
1778 3388 1881 3444 litt
1910 3388 2040 3443 add.
2072 3394 2139 3444 ut
2170 3390 2331 3457 fieret

273 3460 699 3517 animisanitate
730 3436 756 3537 ῙΙ
790 3464 864 3519 26
899 3465 1189 3519 contemtu
1218 3463 1275 3518 A
1310 3461 1331 3535 ΙΙ
1406 3462 1436 3517 7
1475 3460 1777 3516 contemsit
1803 3461 1859 3517 A
