2544 3746
165 1017 226 1058 10

166 1459 224 1502 15

862 1 984 108 ‘DE
1020 50 1151 106 IRA
1185 51 1321 107 Lm.
1350 49 1395 106 1.
1458 49 1613 107 GAP.
1642 56 1677 108 s
2215 55 2304 122 55

258 219 553 281 operam,
595 219 677 262 110
731 197 1090 262 incidamus
1153 196 1224 262 in
1287 197 1465 262 iram,
1555 217 1707 262 nam
1763 197 1819 264 si
1873 198 2089 282 coepit
2141 198 2303 263 ferre

257 289 688 370 transversos,
732 285 1018 352 difficilis
1065 285 1146 352 ad
1191 285 1466 350 salutem
1500 306 1795 352 recursus
1830 289 1954 369 est,
2000 288 2305 389 (11101118111

257 375 429 442 1111111
470 375 741 440 rationis
786 378 915 459 est,
955 375 1071 440 ubi
1117 375 1316 440 semel
1358 375 1647 441 adfectus
1692 376 1993 442 inductus
2037 380 2138 441 est
2180 377 2307 442 1118-

260 486 388 549 que
434 463 534 528 illi
578 464 844 548 aliquod
889 465 1222 529 voluntate
1266 466 1494 552 nostra
1536 463 1757 528 datum
1812 468 1936 531 est:
1989 465 2183 530 faciet
2228 465 2307 529 de
2440 527 2445 534 .

259 557 474 620 cetero
541 556 855 654 quantum
916 554 1120 636 volet,
1182 547 1319 616 non
1381 556 1695 637 quantum
1766 554 2146 637 permiseris.
2238 555 2308 617 in
2343 571 2376 620 2

258 641 517 726 primis,
561 643 854 726 inquam,
896 641 1134 708 finibus
1179 641 1385 707 hostis
1432 640 1741 708 arcendus
1788 645 1911 725 est3
1963 663 2115 708 nam
2160 663 2307 708 cum

260 731 532 796 intravit
574 735 641 796 et
683 731 889 815 portis
937 752 1004 796 se
1049 731 1299 812 intulit,
1346 729 1611 795 modum
1647 753 1685 796 a
1722 731 1993 814 captivis
2036 752 2174 798 non
2208 751 2309 797 80-

260 820 440 904 cipit.
530 841 740 903 neque
785 819 958 884 enim
1003 819 1325 903 sepositus
1368 822 1469 884 est
1513 819 1764 885 animus
1810 823 1875 884 et
1914 819 2308 886 extrinsecus

263 908 632 993 speculatur
685 908 1005 992 adfectus,
1061 911 1136 973 ut
1194 908 1347 973 illos
1390 929 1526 972 non
1570 909 1855 992 patiatur
1896 909 2069 974 ultra
2113 931 2309 993 quam

263 999 524 1081 oportet
565 997 936 1082 procedere,
987 997 1100 1064 sed
1144 997 1214 1060 in
1257 997 1582 1062 adfectum
1625 997 1765 1081 ipse
1810 1001 2096 1063 mutatur
2139 997 2310 1062 ideo·

263 1107 391 1170 que
434 1107 570 1151 non
613 1089 830 1170 potest
864 1087 1091 1152 utilem
1127 1086 1303 1150 illam
1335 1086 1471 1150 vim
1506 1089 1573 1150 et
1607 1085 1951 1151 salutarem
1986 1085 2308 1172 proditam

263 1175 395 1242 iam
458 1175 974 1260 infirmatamque
1037 1195 1353 1240 revocare.
1444 1196 1581 1240 non
1624 1175 1824 1258 enim,
1884 1178 1959 1240 ut
2003 1175 2162 1258 dixi,
2218 1197 2310 1242 se·
2346 1192 2379 1241 3

263 1267 520 1348 paratas
565 1264 692 1328 ista
728 1263 908 1330 sedes
947 1285 1093 1328 suas
1131 1263 1551 1347 diductasque
1587 1263 1852 1346 habent,
1896 1262 2007 1328 sed
2043 1265 2309 1330 affectus

263 1356 330 1421 et
384 1353 550 1418 ratio
611 1352 683 1418 in
739 1352 969 1418 melius
1028 1352 1341 1437 peiusque
1386 1352 1659 1418 mutatio
1706 1352 1906 1418 animi
1950 1356 2061 1418 est.
2154 1374 2312 1436 quo·

263 1441 458 1507 modo
517 1463 673 1527 ergo
733 1443 900 1506 ratio
960 1444 1277 1525 occupata
1321 1444 1387 1506 et
1431 1462 1739 1524 oppressa
1782 1442 1958 1507 vitiis
2003 1444 2313 1527 resurget,

263 1551 432 1616 quae
483 1530 616 1595 irae
689 1530 925 1596 cessit?
1032 1533 1147 1595 aut
1195 1528 1735 1613 quemadmodum
1793 1552 1874 1596 ex
1936 1531 2311 1596 confusione

265 1641 336 1685 se
377 1618 704 1702 liberabit,
750 1619 822 1683 in
851 1641 1022 1735 qua
1037 1620 1333 1703 peiorum
1376 1619 1658 1683 mixtura
1700 1618 2103 1703 praevaluit?
2178 1618 2313 1684 ‘sed
2347 1636 2382 1686 4

264 1706 554 1793 quidam’
601 1705 871 1792 inquit‘
874 1709 945 1772 in
1003 1708 1100 1772 ira
1159 1730 1226 1774 se
1285 1705 1660 1773 continent.’
1750 1711 1967 1773 utrum
2021 1729 2174 1792 ergo
2222 1708 2313 1771 ita

264 1801 342 1861 ut
396 1797 566 1863 nihil
617 1797 861 1863 faciant
914 1818 1135 1862 eorum
1183 1819 1347 1882 quae
1392 1797 1489 1863 ira
1535 1797 1735 1862 dictat
1778 1819 1863 1862 811
1904 1800 1980 1862 ut
2024 1796 2312 1882 aliquid?

267 1887 324 1953 si
367 1887 561 1970 nihil¹
593 1886 871 1970 faciunt,
927 1891 1198 1971 apparet
1254 1908 1389 1951 non
1444 1908 1581 1952 esse
1635 1886 1716 1952 ad
1771 1888 2053 1951 actiones
2099 1907 2312 1951 rerum

264 1976 692 2041 necessariam
765 1976 955 2059 iram,
1029 1996 1224 2059 quam
1286 1997 1431 2058 vos,
1506 1975 1690 2061 quasi
1761 1974 1993 2040 fortius
2066 1974 2313 2060 aliquid

264 2064 518 2129 ratione
535 2064 826 2147 haberet,
852 2063 1283 2130 advocabatis.
1321 2063 1597 2148 denique
1624 2065 1980 2149 interrogo:
1996 2064 2315 2129 valentior
2350 2082 2383 2130 ⁵

265 2157 368 2219 est
431 2174 624 2237 quam
677 2153 844 2219 ratio
899 2175 984 2219 an
1037 2152 1399 2219 infirmior?
1489 2154 1545 2218 si
1588 2153 1932 2237 valentior,
1989 2152 2312 2239 quomodo

267 2242 370 2307 1111
431 2242 696 2307 modum
758 2242 924 2307 ratio
989 2242 1231 2326 poterit
1292 2242 1649 2326 imponere,
1712 2263 1859 2307 cum
1912 2264 2135 2326 parere
2188 2242 2315 2307 nisi

167 2350 194 2390 ε
267 2330 693 2396 imbecilliora
748 2353 885 2397 non
943 2330 1236 2397 soleant?
1326 2334 1382 2398 si
1439 2330 1758 2396 infirmior
1816 2335 1938 2414 est,
1998 2332 2135 2395 sine
2192 2331 2315 2396 hac

267 2442 387 2503 per
447 2442 515 2485 se
575 2419 656 2485 ad
714 2441 929 2484 rerum
987 2420 1250 2485 effeetus
1311 2420 1555 2485 sufficit
1610 2420 1777 2486 ratio
1836 2441 1955 2485 nec
2000 2419 2316 2485 desiderat

265 2509 687 2574 inbecillioris
741 2508 1070 2573 auxilium.
1172 2506 1265 2574 ‘at
1318 2509 1465 2573 irati
1524 2508 1785 2591 quidam
1840 2512 2138 2574 constant
2190 2508 2315 2574 sibi
2351 2523 2385 2574 8

267 2601 335 2662 et
389 2619 460 2663 se
517 2594 895 2663 continent?
986 2596 1291 2680 quando?
1378 2618 1526 2662 cum
1572 2598 1700 2661 iam
1744 2598 1841 2661 ira
1886 2597 2206 2664 evanescit
2250 2600 2315 2661 et

267 2707 388 2753 sua
434 2686 672 2769 sponte
709 2685 987 2769 decedit,
1028 2707 1163 2750 non
1207 2706 1357 2751 cum
1402 2687 1473 2749 in
1516 2686 1659 2770 ipso
1706 2685 1955 2751 fervore
2002 2690 2124 2770 est3
2158 2689 2315 2751 tii-nc

268 2775 443 2839 enim
489 2775 818 2859 potentior
863 2778 974 2839 est.
1049 2774 1229 2858 ‘quid
1276 2774 1473 2860 ergo?
1543 2796 1677 2840 non
1722 2774 2067 2859 aliquando
2114 2775 2185 2838 in
2218 2775 2316 2839 ira
2353 2789 2385 2841 7

269 2884 529 2948 quoque
559 2866 623 2927 et
659 2863 994 2927 dimittunt
1029 2863 1383 2929 incolumes
1412 2864 1815 2947 intactosque
1844 2885 2005 2948 quos
2043 2864 2316 2929 oderunt

448 3051 487 3107 8
522 3052 757 3107 indutus
786 3054 872 3107 est
897 3053 1172 3108 Schultess
1198 3054 1318 3108 coll.
1349 3064 1469 3123 c‘ap.
1503 3058 1644 3121 171
1682 3053 1947 3108 inductus
1985 3054 2175 3123 (deleto
2209 3055 2315 3123 est)

269 3125 520 3195 Psenniy
567 3124 785 3179 moleste
832 3125 1015 3192 ferens
1063 3131 1257 3193 quater
1300 3126 1588 3195 repetitum
1634 3128 1721 3180 est
1768 3125 1789 3197 ΙΙ
1838 3125 1906 3180 17
1944 3141 2003 3180 se
2048 3123 2317 3181 liberabit

268 3196 409 3265 volq.
451 3140 784 3250 seliberauit
809 3196 866 3251 A
915 3195 936 3268 ΙΙ
983 3194 1056 3250 22
1083 3203 1215 3266 post
1250 3195 1619 3251 advocabatis
1657 3196 1851 3252 Haase
1885 3198 2117 3253 alteram
2151 3214 2315 3267 arqu-

269 3268 626 3323 mentatumis
668 3272 888 3351 partem
936 3266 988 3321 si
1033 3265 1254 3336 aliquid
1301 3268 1570 3323 faciunt
1646 3310 1659 3323 .
1692 3311 1703 3323 .
1750 3268 2090 3325 intercidisse

270 3345 430 3395 catus
481 3339 717 3395 lacunae
763 3340 984 3408 signum
1025 3340 1245 3408 posuit;
1290 3340 1385 3395 sed
1428 3339 1530 3407 cfr.
1576 3340 1697 3397 Joh.
1730 3340 1943 3396 Μτῑῖῑεν
1978 3340 2107 3395 Ber.
2140 3297 2315 3396 Wien-

271 3410 455 3465 Akad.
487 3408 770 3467 CXVIII
797 3412 938 3465 1889
975 3426 1036 3479 p.
1059 3413 1126 3463 11
