2544 3746
194 32 322 100 152
585 30 646 84 L.
675 29 961 85 ANNAEI
999 28 1332 87 SENECAE
1369 29 1563 85 DIAL.
1592 29 1728 85 LIB.
1756 28 1854 87 VI.

190 175 476 262 quidem,
535 197 670 241 non
727 179 946 241 tamen
1002 176 1196 241 hilari
1249 176 1466 241 fronte
1519 174 1767 259 texisti,
1812 180 1878 241 et
1921 175 2083 242 haec
2128 175 2243 242 illo

117 284 150 333 3
190 266 472 349 saecule,
521 286 650 349 quo
698 287 934 352 magna
980 265 1186 350 pietas
1233 268 1373 330 erat
1415 264 1585 330 nihil
1628 264 1829 350 impie
1873 265 2112 349 facere3
2170 269 2248 331 ut

117 2158 150 2207 ὅ

188 376 340 420 vero
387 355 674 439 aliquam
721 355 1122 421 occasionem
1169 354 1444 420 mutatio
1490 357 1861 439 temporum
1902 353 2107 439 dedit,
2150 356 2249 420 ιιι-

188 445 452 547 genium
507 444 709 529 patris
769 444 894 529 tui,
954 444 1034 509 de
1090 465 1218 527 quo
1267 447 1601 529 sumptum
1646 446 1786 509 erat
1832 444 2246 529 supplicium,

189 535 260 598 in
302 555 494 599 usum
539 532 877 599 hominum
923 533 1238 599 reduxisti
1284 536 1349 598 et
1394 555 1435 597 a
1477 554 1631 598 vera
1675 532 1865 599 illum
1900 533 2265 600 vindicasti
2316 556 2344 596 s

189 626 396 689 morte
442 644 518 689 ac
562 624 904 689 restituisti
951 623 1019 688 in
1059 621 1323 725 publica
1358 626 1778 687 monumenta
1809 622 2041 707 libros,
2080 644 2247 707 quos

188 712 289 776 vir
351 712 462 778 ifle
526 712 917 778 fortissimus
982 712 1297 798 sanguine
1362 734 1479 784 suo
1546 712 1906 797 scripserat.
2001 714 2249 797 optime

190 801 480 866 meruisti
535 801 612 865 de
667 799 980 867 Romanis
1037 801 1296 866 studiis.
1360 822 1599 887 magna
1640 800 1904 867 illorum
1950 824 2103 886 pars
2150 824 2247 867 ar-

190 894 385 975 serat3
446 891 691 975 optime
751 891 830 955 de
888 891 1192 975 posteris,
1253 890 1335 957 ad
1391 911 1555 975 quos
1601 890 1816 955 veniet
1870 892 2251 976 incorrupta

188 1002 403 1045 rerum
464 979 625 1045 fides
690 980 941 1046 auctori
995 1002 1112 1045 suo
1169 1001 1409 1066 magno
1456 980 1802 1064 imputata3
1867 981 2114 1065 optime
2168 981 2249 1045 de
2290 1003 2347 1043 ιο

189 1070 359 1154 ips0,
426 1069 608 1135 cuius
672 1070 852 1155 viget
909 1067 1284 1155 vigebitque
1348 1069 1685 1170 memoria,
1749 1091 1946 1154 quam
2005 1070 2121 1136 (ιιιι
2180 1070 2251 1133 ιιι

188 1158 396 1243 pretio
462 1157 660 1223 fuerit
719 1156 1016 1223 Romana
1079 1158 1415 1245 cognosci,
1476 1179 1671 1241 quam
1730 1158 1841 1224 diu
1901 1157 2249 1244 quisquam

189 1248 337 1331 erit,
386 1248 498 1332 qui
539 1248 775 1312 reverti
811 1247 970 1313 velit
1007 1248 1088 1311 ad
1125 1250 1269 1313 acta
1306 1247 1653 1331 maiorum,
1692 1269 1886 1331 quam
1923 1247 2039 1312 diu
2075 1248 2251 1333 quis-

189 1357 383 1421 quam
431 1336 545 1422 qui
590 1336 751 1401 velit
795 1338 985 1421 scire,
1031 1337 1190 1422 quid
1235 1337 1323 1402 sit
1367 1336 1468 1400 vir
1504 1334 1865 1420 Romanus,
1903 1335 2063 1422 quid
2102 1336 2251 1402 sub-

188 1426 349 1490 actis
394 1425 526 1492 iam
571 1427 926 1492 cervicibus
974 1427 1265 1491 omnium
1312 1428 1378 1491 et
1422 1424 1504 1490 ad
1551 1423 1967 1492 Seianianum
2020 1416 2252 1513 iugum
2292 1448 2349 1489 ιε,

189 1514 432 1580 adactis
471 1515 852 1601 indomitus,
891 1515 1049 1600 quid
1087 1516 1174 1580 sit
1207 1516 1405 1580 homo
1442 1515 1735 1601 ingenio,
1774 1515 1990 1582 animo
2002 1563 2022 1599 ,
2050 1537 2252 1581 manu

187 1605 368 1670 liber.
475 1626 783 1691 magnum
836 1627 941 1671 me
993 1605 1289 1671 hercules
1336 1604 1792 1670 detrimentum
1836 1626 1941 1671 res
1966 1605 2253 1689 publica

190 1697 463 1779 ceperat,
502 1694 559 1759 si
594 1695 781 1760 illum
821 1694 905 1759 ob
940 1694 1098 1759 duas
1125 1716 1228 1760 res
1257 1692 1728 1779 pulcherrimas
1756 1695 1829 1759 in
1855 1694 2254 1761 oblivionem

189 1784 580 1867 coniectum,
645 1784 1081 1869 eloquentiam
1145 1787 1211 1849 et
1271 1783 1667 1868 libertatem,
1737 1805 1874 1849 non
1948 1784 2253 1851 eruisses:

186 1873 454 1960 legitur,
500 1872 717 1958 floret,
764 1875 834 1938 in
873 1895 1103 1940 manus
1138 1872 1508 1958 hominum,
1545 1872 1614 1938 in
1648 1877 1917 1958 pectora
1951 1877 2251 1959 receptus
2294 1894 2352 1935 ιο

188 1966 573 2029 vetustatem
637 1963 887 2028 nullam
949 1964 1166 2048 timet3
1229 1966 1297 2028 at
1360 1963 1624 2028 illorum
1689 1963 2069 2029 carnificum
2120 1965 2253 2030 cito

191 2052 432 2117 scelera
504 2074 791 2137 quoque,
867 2053 1102 2137 quibus
1177 2052 1335 2117 solis
1408 2051 1787 2118 memoriam
1860 2057 2255 2136 meruerunt,

189 2142 586 2207 tacebuntur.
679 2143 839 2208 haec
895 2141 1279 2228 magnitudo
1338 2141 1541 2206 animi
1599 2141 1699 2206 tui
1756 2143 1967 2206 vetuit
2019 2153 2125 2208 me
2172 2142 2257 2208 ad

190 2253 413 2296 sexum
477 2233 665 2296 tuum
726 2231 1071 2316 respicere,
1134 2231 1345 2296 vetuit
1406 2230 1488 2295 ad
1552 2230 1833 2315 voltum,
1897 2253 2092 2317 quem
2153 2235 2259 2298 tot

189 2341 507 2386 annorum
571 2321 882 2386 continua
942 2320 1235 2404 tristitia,
1300 2323 1376 2384 ut
1434 2321 1633 2386 semel
1693 2319 1993 2405 obduxit,
2058 2324 2253 2388 tenet
2296 2341 2355 2383 ιε

190 2414 256 2474 et
317 2409 490 2492 vide,
555 2431 750 2494 quam
808 2432 944 2475 non
1001 2409 1348 2494 subrepam
1407 2409 1529 2474 tibi
1582 2431 1703 2474 nec
1747 2410 1998 2476 furtum
2041 2410 2255 2478 facere

190 2490 524 2564 affectibus
587 2499 720 2564 tuis
785 2500 1093 2584 cogitem.
1170 2499 1439 2583 antiqua
1502 2498 1676 2563 mala
1738 2499 1811 2563 ιιι
1872 2501 2257 2566 memoriam

189 2587 415 2652 reduxi
475 2592 566 2671 et,
624 2591 699 2655 ut
755 2589 949 2654 scires
1003 2589 1172 2653 hanc
1223 2609 1484 2689 quoque
1531 2587 1795 2673 plagam
1840 2610 1980 2654 esse
2028 2610 2257 2656 sanan-

192 2677 367 2760 dam,
431 2677 684 2742 ostendi
747 2678 869 2742 tibi
937 2699 1139 2762 aeque
1211 2677 1435 2764 magni
1507 2676 1795 2742 vulneris
1866 2677 2253 2746 cicatricem.

372 2903 406 2958 1
450 2902 740 2977 frontess(
741 2921 879 2960 eras.
919 2907 998 2974 m)
977 2904 1094 2974 >A
1149 2903 1157 2976 Ι
1209 2903 1318 2976 hec
1360 2903 1490 2959 AF
1533 2903 1644 2958 hoc
1686 2903 1829 2975 woly.
1878 2903 1887 2976 Ι
1946 2903 1986 2960 8
2031 2909 2257 2962 mutato

191 2976 448 3044 tempore
494 2974 634 3041 AF,
688 2975 835 3044 quod
881 2977 967 3030 ita
1015 2976 1144 3060 fort.
1191 2975 1419 3042 defendi
1540 2980 1667 3042 test,
1714 2980 1782 3031 ut
1934 2977 2137 3034 icc-tum
2186 2979 2260 3033 sit

193 3045 483 3100 saeculum
521 3044 870 3116 (Schultessk
908 3063 1002 3102 ma
1113 3046 1305 3116 placet
1328 3063 1363 3116 q
1499 3047 1657 3117 volgo
1682 3046 1973 3102 sentitur.-
2008 3049 2257 3103 mutatio

193 3119 512 3186 temporum
559 3117 852 3186 (temporis
890 3119 944 3186 ς)
1061 3115 1100 3171 6
1146 3131 1215 3172 ac
1258 3118 1325 3172 in
1368 3118 1479 3186 fine
1522 3133 1711 3174 vorsus
1754 3117 1885 3173 add
1915 3118 2002 3175 ..1⁶
2037 3119 2261 3176 duabus

195 3189 392 3244 litteris
426 3189 628 3256 erasis,
663 3204 804 3258 quae
839 3189 1004 3244 initio
1040 3204 1146 3258 seq.
1183 3205 1372 3244 versus
1408 3205 1534 3245 cum
1578 3187 1883 3244 restituisti
1929 3193 2261 3249 coniunctae

194 3259 450 3328 fuer-emt,
483 3261 596 3314 sive
633 3274 702 3314 ac
737 3262 848 3317 sive
886 3259 934 3316 ὦ
967 3261 1071 3316 hae
1105 3261 1340 3330 fument
1384 3259 1392 3334 Ι
1426 3259 1499 3316 2⁰
1535 3257 1701 3318 floret
1736 3261 1799 3317 F
1826 3268 1883 3319 ct
1914 3262 2057 3335 volq-
2098 3262 2256 3334 florei

197 3331 254 3383 A
287 3329 310 3401 ΙΙ
342 3329 415 3385 23
450 3329 793 3387 tacebuntur
828 3346 862 3386 ς
901 3331 1176 3388 tacebunt
1202 3335 1279 3401 A,
1316 3350 1347 3389 c
1372 3351 1418 3390 r.
1448 3333 1605 3403 φάει.
1632 3337 1723 3401 21,
1742 3339 1779 3390 4
1813 3333 1835 3408 ΙΙ
1870 3332 1943 3390 28
1977 3336 2049 3391 ut
2084 3336 2261 3394 scires

199 3395 468 3456 Schultess
502 3402 593 3455 uis
631 3403 774 3458 scire
802 3406 859 3458 A
894 3403 916 3476 ΙΙ
949 3403 1022 3458 29
1058 3420 1203 3478 eque
1230 3407 1289 3460 A
