2544 3746
797 70 1061 127 Dum
1095 71 1230 128 ms
1258 71 1301 126 1
1368 70 1739 128 GAP.1·1.1e
2192 76 2281 144 65

247 239 364 302 per
423 239 490 283 se
547 216 715 282 ratio
772 216 1005 284 fortior
1058 217 1200 284 est?
1287 239 1438 284 nam
1493 239 1640 284 cum
1684 218 1993 285 iudicavit
2036 219 2282 322 aliquid

247 305 640 391 faciendum,
699 305 774 371 in
835 327 912 372 eo
973 310 1365 392 perseverat·
1422 306 1591 372 nihil
1632 307 1825 373 enim
1886 307 2114 374 melius
2188 309 2283 373 in·

245 398 520 460 ventura
562 398 662 462 est
703 416 773 462 se
812 395 979 480 ipsa,
1025 416 1156 480 quo
1192 398 1502 463 mutetur.
1546 395 1691 462 ideo
1738 399 1866 462 stat
1902 398 2099 463 semel
2132 418 2283 463 con·

247 485 508 551 stitutis.
613 484 776 552 iram
847 506 1036 569 saepe
1107 484 1546 551 misericordia
1614 488 1787 550 retro
1860 485 2019 572 egit3
2089 486 2285 552 habet
2318 503 2353 552 ι

185 592 211 633 5
245 573 421 638 em'm
463 594 600 642 non
637 573 916 640 solidum
951 574 1150 640 robur
1183 574 1296 640 sed
1330 596 1567 640 vanum
1602 577 1922 640 tumorem
1955 574 2284 641 violentis·

246 683 373 747 que
417 662 756 749 principiis
790 663 1022 747 utitur,
1064 684 1200 729 non
1235 663 1423 728 aliter
1458 684 1660 749 quam·
1687 663 1803 747 qui
1835 685 1875 728 a
1909 667 2083 729 terra
2106 665 2284 730 venti

247 754 526 838 surgunt
569 754 636 817 et
677 751 1052 818 fluminibus
1102 751 1573 838 paludibusque
1618 751 1914 837 concepti
1960 753 2097 819 sine
2142 774 2283 837 per-

244 839 488 907 tinacia
530 840 936 908 vehementes
983 845 1158 908 sunt:
1203 840 1437 926 incipit
1470 861 1706 928 magno
1742 841 2017 926 impetu,
2055 841 2282 908 deinde
2319 859 2353 910 ὁ

245 929 468 996 deficit
512 933 660 996 ante
703 933 960 1016 tempus
1004 930 1303 1018 fatigata,
1344 933 1434 1015 et,
1472 949 1636 1015 quae
1670 930 1840 996 nihil
1873 930 2050 996 aliud
2088 953 2283 1016 quam

154 1038 210 1078 ιο
245 1018 691 1085 crudelitatem
737 1041 813 1084 ac
844 1040 1019 1086 nova
1053 1041 1288 1106 genera
1322 1021 1674 1104 poenarum
1709 1024 2097 1104 versaverat,
2134 1041 2283 1086 cum

246 1107 884 1174 animadvertendum
920 1112 1044 1193 est,
1089 1109 1219 1174 iam
1263 1109 1470 1175 fracta
1502 1108 1795 1195 lenisque
1829 1112 1945 1175 est.
2017 1109 2283 1175 affectus

246 1196 379 1263 cito
425 1197 625 1282 cadit,
669 1197 958 1284 aequalis
1001 1201 1101 1265 est
1142 1199 1329 1264 ratio.
1418 1201 1699 1264 ceterum
1744 1197 1941 1264 etiam
1984 1198 2098 1264 ubi
2143 1219 2283 1284 per-
2320 1215 2354 1264 6

247 1286 567 1353 severavit
609 1287 732 1373 ira,
783 1307 1268 1373 nonnumquam
1281 1335 1300 1372 ‚
1355 1286 1413 1354 si
1456 1287 1673 1373 plures
1720 1290 1872 1354 sunt
1917 1288 2031 1373 qui
2074 1287 2283 1372 perire

243 1379 646 1462 meruerunt,
703 1378 856 1462 post
911 1376 1186 1443 duorum
1239 1375 1516 1442 triumve
1570 1376 1949 1479 sanguinem
1996 1377 2284 1443 occidere

154 1484 212 1526 ιι
247 1464 500 1532 desinit.
592 1465 788 1551 primi
845 1465 983 1533 eius
1041 1466 1209 1532 ictus
1268 1487 1445 1534 acres
1506 1469 1682 1532 sunt·
1742 1465 1838 1532 sic
1890 1466 2284 1552 serpentium

246 1575 495 1620 venena
529 1575 570 1620 a
604 1554 804 1620 cubili
838 1555 1236 1640 erepentium
1269 1557 1533 1639 nocent,
1573 1554 1823 1620 innoxii
1858 1554 2079 1620 dentes
2116 1558 2285 1639 sunt,

245 1663 397 1708 cum
455 1643 606 1710 illos
662 1643 965 1729 frequens
1017 1665 1272 1711 morsus
1326 1643 1635 1711 exhausit
1727 1664 1882 1730 ergo
1926 1664 2061 1710 non
2104 1644 2287 1728 paria
2324 1661 2355 1711 7

246 1731 586 1818 patiuntur
638 1733 753 1818 qui
809 1733 992 1818 paria
1044 1733 1523 1818 commiserant,
1568 1736 1636 1798 et
1679 1754 1867 1818 saepe
1914 1733 2027 1819 qui
2071 1733 2284 1798 minus

249 1821 579 1890 commisit
639 1821 788 1908 plus
848 1822 1122 1909 patitur,
1195 1821 1349 1908 quia
1413 1821 1755 1889 recentiori
1820 1821 2126 1890 obiectus.
2170 1826 2283 1889 est.

159 1930 215 1971 ιο
249 1914 320 1977 et
361 1912 434 1976 in
475 1914 688 1977 totum
732 1912 1088 1997 inaequalis
1127 1916 1271 1979 'est2
1330 1912 1525 1979 modo
1569 1912 1743 1978 ultra
1787 1934 1982 1997 quam
2029 1915 2287 1997 oportet

250 2001 559 2085 excurrit,
618 1999 813 2067 modo
873 2002 1132 2067 citerius
1191 2001 1410 2068 debito
1468 2002 1738 2086 resistit3
1792 2000 1920 2067 sibi
1972 2002 2145 2066 enim
2189 2001 2286 2065 in·

251 2088 477 2177 dulget
538 2092 606 2155 et
665 2110 747 2155 ex
804 2089 1076 2157 libidine
1137 2091 1384 2157 iudicat
1442 2094 1510 2157 et
1566 2090 1787 2156 audire
1839 2111 1973 2157 non
2024 2090 2170 2154 vult
2222 2093 2288 2156 et
2413 2087 2422 2105 ²

249 2179 613 2263 patrocinio
669 2201 805 2246 non
861 2180 1172 2266 relinquit
1225 2180 1443 2246 locum
1502 2183 1568 2245 et
1624 2200 1702 2245 ea
1752 2182 1929 2244 tenet
1981 2200 2147 2264 quae
2193 2179 2285 2242 in-

248 2268 421 2335 vasit
481 2272 548 2333 et
608 2268 773 2354 eripi
837 2268 964 2336 sibi
1024 2269 1336 2336 iudicium
1391 2290 1607 2353 suum,
1660 2269 1855 2333 etiam
1911 2268 1967 2333 si
2012 2288 2285 2353 pravum

151 2376 208 2418 ιε
247 2360 376 2443 est,
419 2379 554 2423 non
599 2358 770 2423 sinit.

429 2444 667 2512 XVIII
741 2445 934 2513 Ratio
993 2446 1285 2534 utrique
1311 2447 1483 2534 parti
1539 2451 1794 2533 tempus
1859 2446 1995 2531 dat,
2058 2444 2287 2511 deinde
2326 2466 2356 2516 1

247 2534 738 2602 advocationem
810 2540 877 2602 et
948 2536 1075 2604 sibi
1143 2538 1333 2623 petit,
1404 2540 1480 2602 ut
1549 2535 1963 2603 excutiendae
2029 2533 2287 2601 veritati
2416 2612 2419 2617 ,

247 2625 535 2710 spatium
595 2625 856 2692 habeat:
918 2627 1355 2693 uafestinat.
1445 2626 1613 2692 ratio
1677 2623 1743 2692 id
1805 2624 2089 2691 iudicare
2145 2619 2289 2691 vult

248 2714 426 2800 quod
485 2735 709 2781 aecum
766 2718 891 2782 est.
948 2716 1046 2782 ira
1089 2716 1158 2780 id
1202 2736 1427 2781 aecum
1471 2714 1675 2781 videri
1718 2715 1864 2779 vult
1905 2713 2081 2799 quod
2126 2713 2288 2779 iudi·

149 2824 208 2865 ιο
247 2805 438 2871 cavit
528 2804 696 2870 ratio
747 2804 846 2876 nil
898 2809 1150 2891 praeter
1193 2806 1410 2891 ipsum
1455 2804 1535 2871 de
1578 2825 1709 2891 quo
1755 2804 1971 2891 agitur
2014 2806 2358 2889 epectatts

430 2943 466 3000 9
501 2935 696 3000 deficit
721 2956 756 2999 ς
783 2943 1077 3001 defecitA
1109 2943 1132 3017 ΙΙ
1166 2942 1235 3000 n
1263 2944 1382 2999 iam
1407 2943 1595 2999 fracta
1621 2944 1816 2999 eret
1849 2943 1967 2999 iam
1993 2944 2081 2999 ira
2106 2942 2292 2999 fracta

247 3016 324 3084 A,
349 3015 818 3072 sadiraexoom
845 3015 930 3071 A²
954 3016 1269 3073 orwmvid.
1306 3015 1329 3090 ΙΙ
1363 3014 1435 3071 15
1501 3014 1743 3072 rimiA¹
1768 3031 1906 3072 corr.
1934 3013 2285 3086 exprimunt!

249 3087 332 3142 sic
359 3087 417 3142 A
431 3086 487 3141 L
523 3086 672 3142 sicut
699 3087 872 3158 υοῑςη·
904 3087 1051 3143 illua
1073 3088 1264 3158 πῆ’ραι
1528 3104 1607 3155 m,
1634 3086 1885 3157 exempla
1909 3087 2125 3158 collegit
2160 3086 2292 3143 mul.-

249 3162 454 3228 ραοιιι.
483 3159 603 3213 evit.
631 3156 848 3215 insen.
877 3157 1014 3213 dial.
1031 3158 1185 3215 Dies.
1206 3158 1557 3245 Argenteo-at.
1580 3160 1796 3228 18999
1798 3161 1903 3214 63
1927 3158 1949 3232 ΙΙ
1973 3156 2047 3213 18
2069 3172 2294 3213 uenena

215 3228 710 3286 ·.Δ.ιιάιιοιν
744 3228 921 3285 adser-
956 3227 1090 3302 A¹l
1137 3174 2053 3286 inoniAsedultimmiadd.
2084 3229 2294 3297 influe

247 3297 2293 3373 wmA¹nlScomiserantAeommiueruntFiekerteaesssloroe

250 3368 1741 3458 centiorA²m.A⁸11899‚qumAuu-oqueloco
1775 3372 2292 3443 aodqeoeoeorr.

249 3440 336 3500 A¹
375 3442 384 3517 Ι
423 3440 612 3498 uideri
645 3440 776 3499 uult
810 3454 847 3498 e
878 3386 1080 3499 uider?
1100 3459 1214 3500 non
1248 3441 1379 3499 uult
1404 3443 1463 3500 A

360 3550 597 3597 ΒΜ
618 3558 789 3597 ΘΜ
815 3552 853 3595 1.
868 3554 907 3595 1.
926 3550 1272 3597 οὰΗοιιιιι.
1831 3556 1865 3607 5
