2544 3746
188 1084 242 1124 10

189 1526 241 1567 15

186 1991 242 2032 20

183 2433 242 2474 25

319 114 418 168 AD
455 112 844 171 PAVLINVM
879 110 978 166 DE
1014 109 1434 167 BREVITATE
1462 108 1685 167 VITAE
1723 109 2089 166 GAP.18.19
2172 112 2299 179 307

273 258 546 345 pressit?
639 257 856 343 cogita
916 259 1268 341 praeterea,
1332 258 1644 340 quantum
1708 254 2159 320 sollicitudinis
2223 255 2307 321 sit
2342 274 2374 322 5

274 350 352 416 ad
396 351 645 413 tantam
689 351 755 412 te
799 346 1038 411 molem
1085 343 1365 411 obicere.
1411 366 1558 410 cum
1603 347 1823 409 ventre
1868 343 1988 409 tibi
2022 345 2305 410 humano

273 438 602 523 negotium
651 440 774 521 est3
816 456 937 501 nec
980 435 1296 500 rationem
1341 434 1586 519 patitur
1626 454 1747 499 nec
1783 433 2103 535 aequitate
2138 434 2307 499 miti·

275 530 463 613 gatur
506 546 624 591 nec
670 526 805 591 ulla
847 545 1034 609 prece
1081 524 1363 590 flectitur
1406 522 1686 608 populus
1732 524 2032 588 esuriens.
2114 523 2306 589 modo

275 615 466 681 modo
527 616 698 680 intra
753 634 996 697 paucos
1055 612 1202 678 illos
1255 612 1418 696 dies,
1477 612 1709 715 quibus
1756 609 1822 675 G.
1852 610 2082 678 Caesar
2124 616 2311 697 perit,

275 706 330 771 si
376 704 519 788 quis
565 702 788 769 inferis
835 723 1056 768 sensus
1103 704 1228 785 est,
1271 702 1399 767 hoc
1444 700 1819 787 gravissime
1854 700 2092 784 ferens,
2137 701 2311 785 quod

277 792 518 859 sciebat
551 792 796 877 populo
825 790 1119 857 Romano
1158 789 1491 875 superstiti
1526 793 1771 874 septem
1809 792 1923 855 aut
1958 794 2104 855 octo
2144 794 2311 856 certe

277 881 524 950 dierum
597 880 837 946 cibaria
908 900 1266 965 superesse,
1339 879 1492 943 dum
1563 880 1673 944 ille
1745 882 1974 963 pontes
2040 880 2311 944 navibus

276 969 490 1057 iungit
525 973 590 1035 et
624 969 871 1035 viribus
906 969 1139 1053 imperi
1173 968 1366 1052 ludit,
1404 967 1621 1033 aderat
1656 968 1960 1033 ultimum
1994 969 2313 1033 malorum

275 1058 554 1125 obsessis
601 1079 888 1161 quoque,
933 1058 1384 1123 alimentorum
1432 1061 1709 1143 egestas3
1756 1057 1951 1123 exitio
1997 1078 2199 1141 paene
2240 1078 2314 1123 ac

276 1148 444 1213 fame
491 1146 784 1213 constitit
819 1151 910 1229 et,
949 1168 1110 1231 quae
1147 1146 1383 1213 famem
1423 1146 1738 1230 sequitur,
1772 1138 1986 1211 rerum
2025 1147 2314 1211 omnium

275 1238 462 1302 ruina
505 1235 737 1301 furiosi
781 1239 846 1301 et
891 1196 1137 1301 externi
1183 1239 1247 1300 et
1291 1236 1635 1301 infeliciter
1675 1235 1936 1319 superbi
1969 1236 2139 1321 regis
2176 1236 2315 1300 imi-

277 1325 453 1391 tatio.
547 1346 739 1409 quem
782 1329 939 1390 tunc
985 1324 1271 1390 animum
1315 1324 1680 1390 habuerunt
1722 1323 1849 1407 illi,
1902 1324 2134 1409 quibus
2180 1328 2385 1389 erate

277 1413 579 1481 mandata
640 1413 948 1478 frumenti
1009 1413 1255 1497 publici
1318 1434 1495 1498 cura,
1556 1434 1737 1497 saxa,
1793 1413 2059 1497 ferrum,
2114 1413 2315 1499 ignes,

281 1500 511 1569 Gaium
557 1501 931 1587 excepturi?
1002 1523 1255 1568 summa
1301 1501 1808 1567 dissimulatione
1851 1504 2104 1567 tantum
2149 1502 2318 1567 inter

278 1592 524 1657 viscera
586 1592 848 1656 latentis
912 1592 1068 1655 mali
1129 1590 1462 1676 tegebant,
1525 1611 1673 1656 cum
1736 1590 1983 1655 ratione
2047 1590 2315 1675 scilicet3

281 1681 592 1765 quaedam
639 1680 810 1745 enim
856 1680 1305 1767 ignorantibus
1342 1680 1549 1765 aegris
1588 1679 1869 1745 curanda
1904 1683 2081 1745 sunt:
2127 1700 2317 1745 causa

279 1770 500 1835 multis
548 1769 865 1837 moriendi
909 1768 1036 1834 fuit
1079 1768 1377 1833 morbum
1423 1790 1612 1834 suum
1657 1788 1864 1833 nosse.

457 1875 630 1941 XIX.
711 1875 950 1961 Recipe
1012 1879 1078 1940 te
1141 1876 1222 1941 ad
1286 1876 1447 1956 haec
1516 1873 1988 1960 tranquilliora,
2059 1876 2319 1959 tutiora,
2355 1893 2383 1942 1

280 1966 551 2030 maiora!
654 1965 863 2030 simile
926 1968 1001 2029 tu
1062 1968 1252 2049 putas
1317 1987 1479 2048 esse,
1543 1968 1763 2030 utrum
1828 1986 2036 2048 cures,
2093 1968 2167 2030 ut
2223 1965 2317 2030 in-

280 2057 657 2138 corruptum
717 2058 782 2119 et
841 2076 880 2118 a
935 2053 1158 2118 fraude
1217 2052 1668 2119 advehentium
1723 2057 1788 2118 et
1832 2076 1872 2118 a
1912 2054 2319 2146 neglegentia

277 2144 678 2208 frumentum
711 2141 1252 2207 transfundatur
1233 2165 1304 2206 m
1338 2143 1629 2228 horrea,
1628 2163 1711 2207 ne
1748 2146 2058 2227 concepto
2094 2164 2318 2208 umore

279 2232 547 2298 vitietur
619 2235 684 2297 et
747 2232 1171 2314 concalescat,
1234 2235 1310 2296 ut
1373 2231 1455 2297 ad
1518 2251 1881 2297 mensuram
1939 2231 2319 2316 pondusque

278 2321 693 2405 respondeat,
752 2343 835 2385 an
889 2318 970 2384 ad
1013 2320 1173 2384 haec
1218 2339 1399 2386 sacra
1426 2323 1508 2385 et
1554 2319 1851 2386 sublimia
1894 2320 2155 2386 accedas
2203 2321 2319 2386 sci·

280 2414 498 2493 turus,
553 2431 717 2493 quae
745 2409 1031 2474 ‘materia
1075 2408 1160 2473 sit
1206 2408 1337 2492 dei,
1387 2430 1549 2493 quae
1593 2409 1917 2494 voluptas,
1964 2431 2127 2492 quae
2172 2431 2320 2475 con-

286 2498 487 2583 dicio,
533 2518 698 2582 quae
743 2497 980 2581 forma3
1015 2497 1169 2584 ‚quis
1217 2497 1505 2563 animum
1549 2500 1734 2563 tuum
1781 2518 1964 2563 casus
2002 2501 2321 2583 expectet3

241 2681 246 2684 ᾖ
285 2587 400 2653 ubi
444 2607 564 2652 nos
612 2609 651 2652 a
697 2586 1072 2670 corporibus
1119 2584 1417 2652 dimissos
1461 2589 1693 2651 natura
1736 2590 2106 2672 componat3
2167 2587 2323 2671 quid

465 2762 498 2816 1
538 2761 615 2816 sit
652 2761 727 2815 ad
762 2762 928 2816 tanta
962 2762 1022 2816 te
1057 2759 1206 2814 mole
1243 2759 1465 2817 obicere
1501 2762 1587 2818 A⁸
1629 2769 1693 2818 ut
1725 2762 1862 2846 voly.
1901 2763 2082 2818 editur
2126 2763 2203 2817 sit
2247 2761 2322 2816 ad

285 2835 505 2902 quanta
540 2835 702 2887 tante
736 2849 829 2887 mo
869 2873 1102 2887 ......
1140 2831 1225 2888 A¹
1259 2839 1327 2887 ut
1358 2833 1469 2889 vid.
1519 2832 1541 2906 ΙΙ
1588 2833 1624 2888 5
1667 2833 1817 2903 perit
1860 2835 1925 2888 in
1967 2833 2139 2903 periit
2182 2849 2319 2889 corr.

283 2904 371 2962 A¹
419 2903 440 2976 Η
487 2903 525 2956 6
569 2903 898 2973 gravissime
935 2902 1189 2958 Ercwm.²
1223 2903 1543 2974 gratissime
1569 2905 1626 2960 A
1676 2903 1683 2977 Ι
1734 2905 1886 2989 quod
1930 2903 2147 2960 sciebat
2188 2921 2319 2973 pop.

283 2975 448 3030 Rom.
491 2975 784 3044 superstiti
831 2975 1057 3042 scripsi,
1106 2981 1171 3030 ut
1213 2977 1354 3030 com‘
1396 2977 1618 3060 Stangl,
1662 2978 1759 3045 qui
1802 2983 1985 3032 tamen
2019 2975 2323 3046 superstite

283 3048 482 3102 retinet
518 3045 669 3114 quod
707 3044 963 3117 dicebat!
993 3045 1070 3101 .P.
1090 3045 1156 3101 Β.
1188 3063 1357 3116 super
1392 3047 1525 3101 stite
1552 3049 1609 3102 A
1644 3045 1796 3114 quod
1831 3064 1887 3116 p.
1907 3047 1973 3101 Β.
2003 3064 2069 3101 su
2110 3047 2322 3114 erstite,

273 3115 556 3184 ‘dicebant
586 3117 825 3188 Madvig
871 3116 1023 3186 quod
1061 3116 1403 3187 dicebantp
1408 3113 1513 3172 .Β.
1544 3119 1835 3202 superstiti
1874 3117 2037 3174 Gertz
2096 3118 2104 3190 Ι
2148 3117 2219 3172 12
2264 3120 2325 3172 et

282 3195 418 3244 ante
445 3189 660 3243 externi
687 3189 790 3243 del.
824 3188 986 3244 Gertz
1017 3189 1143 3255 fort
1171 3195 1313 3244 recte
1352 3135 1506 3260 {1³14
1490 3208 1511 3243 1
1590 3205 1621 3243 e
1649 3189 1870 3259 sgaium
1898 3205 2071 3258 excep
2186 3205 2213 3242 s
2240 3188 2323 3244 A¹

283 3276 423 3315 corr.
464 3259 579 3326 A&
621 3261 1118 3328 interpunctionem
1153 3277 1231 3314 em
1344 3262 1461 3315 avit
1551 3266 1660 3315 ertz
1697 3266 1867 3314 cura?
1923 3276 2105 3314 saxa.
2180 3302 2192 3315 .
2231 3275 2323 3313 ex-

284 3331 508 3400 cepturi
546 3347 765 3384 summa
802 3332 939 3402 voly.
976 3332 1006 3415 ΙΙ
1035 3330 1107 3385 22
1143 3333 1417 3402 conceptu
1456 3347 1551 3386 ore
1578 3330 1661 3385 A²
1696 3349 1831 3388 corr.
1864 3331 1948 3386 A³
1980 3331 2001 3403 ΙΙ
2024 3303 2105 3384 23
2142 3330 2323 3386 coale-

283 3404 414 3456 scat
450 3401 684 3461 Wolters
729 3402 773 3528 lb
799 3401 872 3456 25
889 3349 1013 3458 9ᾱοί
1046 3404 1111 3456 in
1146 3419 1257 3458 ras.
1286 3402 1371 3458 A⁸
1408 3401 1517 3457 diis
1552 3403 1715 3458 multi
1748 3403 1866 3458 edd.
1912 3403 1918 3474 Ι
1967 3401 2232 3470 uoluptas
2266 3402 2323 3457 A

283 3472 554 3528 uoluntas
579 3485 614 3527 ς
647 3473 668 3545 ΙΙ
703 3471 739 3526 2
812 3488 848 3526 a
884 3491 926 3529 ε.
955 3491 1004 3530 υ.
1036 3473 1164 3530 add.
1189 3473 1275 3529 A²

1794 3579 1897 3634 20*
