2544 3746
264 61 396 126 238
637 59 697 112 L.
727 58 1013 113 ANNAEI
1050 58 1381 113 SENECAE
1418 58 1608 113 DIAL.
1638 58 1773 113 LIB.
1802 58 1947 115 Vm.

196 227 224 273 7
264 202 551 288 spirent.'
655 204 736 268 ad
808 204 967 268 haec
1032 203 1394 287 quaerenda
1454 207 1674 286 natus,
1746 205 2041 286 aestima,
2115 228 2315 289 quam

261 314 397 358 non
450 291 728 358 multum
783 294 1100 376 acceperit
1145 294 1486 377 temporis,
1544 293 1740 358 etiam
1786 294 1842 357 si
1885 293 2050 357 illud
2094 296 2314 360 totum

262 382 387 446 sibi
422 382 736 464 vindicat,
781 382 886 447 cui
921 382 1075 447 licet
1109 382 1277 446 nihil
1312 380 1623 447 facilitate
1660 383 1849 466 eripi,
1893 382 2060 448 nihil
2094 385 2313 469 negle-

263 470 483 555 gentia
541 472 827 555 patiatur
883 471 1199 554 excidere,
1261 470 1419 536 licet
1474 470 1667 536 horas
1729 493 1877 537 suas
1937 472 2313 537 avarissime

263 564 472 624 servet
517 562 583 624 ct
625 582 830 643 usquc
875 559 946 623 in
990 560 1293 625 ultimum
1338 561 1567 625 aetatis
1601 559 1922 626 hnmanae
1958 562 2311 627 terminum

261 649 570 733 procedat
621 671 742 714 nec
797 650 1144 733 quicquam
1198 650 1299 713 illi
1354 670 1436 714 ex
1488 670 1593 732 co,
1653 649 1828 733 quod
1880 653 2113 714 natura
2159 672 2313 717 con-

262 738 502 819 stituit,
544 739 808 803 fortuna
843 738 1196 822 concutiat,
1233 741 1454 803 tamen
1488 737 1685 803 homo
1725 738 1807 803 ad
1841 738 2311 805 immortalium

262 828 700 913 cognitionem
754 827 948 892 nimis
1008 828 1300 892 mortalis
1363 830 1478 893 est.
1580 849 1734 912 ergo
1791 828 2145 894 secundum
2198 850 2313 893 na-

259 920 473 986 turam
521 916 698 1000 vim,
753 916 808 982 si
853 920 1065 981 totum
1114 939 1214 982 me
1260 917 1360 981 illi
1406 915 1579 999 dedi,
1634 917 1691 981 si
1734 916 1910 981 illius
1958 917 2313 983 admirator

261 1007 599 1089 cultorque
668 1028 828 1073 sum.
937 1009 1168 1071 natura
1236 1010 1453 1071 antem
1520 1009 1866 1089 utrumque
1929 1005 2141 1072 facere
2204 1030 2313 1073 me

260 1095 496 1177 voluit,
554 1099 620 1159 et
677 1116 867 1181 agere
923 1098 988 1159 et
1042 1095 1577 1178 contemplationi
1623 1116 1866 1161 vacare.
1958 1098 2312 1180 utrumque

259 1183 456 1268 facie,
495 1184 801 1268 quoniam
838 1206 919 1248 nc
956 1184 1418 1268 contemplatio
1457 1183 1717 1269 quidem
1744 1185 1886 1251 sinc
1912 1186 2164 1251 actione
2193 1189 2311 1250 est.

440 1289 550 1355 VI.
625 1290 644 1319 ‘
659 1289 785 1356 Sed
848 1289 1074 1355 refert'
1135 1291 1351 1374 inquis
1407 1290 1521 1355 ‘an
1580 1292 1661 1355 ad
1717 1292 1894 1356 illam
1951 1292 2311 1376 voluptatis

260 1402 453 1446 causa
507 1380 848 1446 accesseris
902 1380 1068 1444 nihil
1123 1380 1298 1443 aliud
1346 1401 1427 1445 ex
1471 1380 1585 1445 illa
1628 1383 1854 1465 petens
1901 1403 2098 1466 quam
2145 1381 2311 1446 adsi·

260 1470 453 1534 duam
509 1469 1117 1552 contemplationem
1173 1470 1311 1533 sine
1366 1469 1573 1550 exitu3
1627 1474 1725 1534 cst
1769 1470 1942 1534 enim
1990 1470 2196 1535 dulcis
2246 1475 2313 1535 ct

257 1558 454 1624 habet
510 1558 864 1624 inlecebras
926 1557 1114 1624 suas?
1205 1558 1510 1623 adversus
1563 1557 1692 1623 hoc
1743 1558 1865 1624 tibi
1917 1559 2308 1644 respondeo:

259 1670 461 1732 aeque
497 1648 720 1733 refert,
759 1669 887 1732 quo
926 1648 1141 1718 animo
1181 1648 1437 1713 civilem
1475 1668 1628 1733 agas
1666 1648 1895 1731 vitam,
1933 1670 2018 1713 an
2054 1668 2312 1733 semper

259 1737 586 1820 inquietus
643 1737 730 1801 sis
785 1757 904 1801 nec
957 1737 1079 1802 tibi
1135 1757 1445 1820 umquam
1501 1757 1715 1801 sumas
1769 1736 1978 1801 ullum
2030 1740 2311 1822 teman,

261 1850 390 1912 quo
457 1826 537 1892 ab
599 1826 900 1892 humanis
965 1826 1046 1891 ad
1106 1825 1326 1891 divina
1382 1825 1705 1910 respicias.
1812 1826 2143 1912 quomodo
2203 1849 2307 1893 res

259 1917 558 2001 adpetere
607 1916 743 1981 sine
788 1916 924 1980 ullo
969 1916 1286 1980 virtutum
1332 1937 1547 1980 amore
1590 1910 1667 1980 et'
1691 1915 1829 1983 sine
1866 1917 2047 1982 cultu
2085 1917 2309 2002 ingeni

259 2029 334 2071 ac
379 2006 584 2070 nudas
632 2006 817 2071 edere
855 2027 1082 2089 operas
1119 2005 1385 2070 minime
1422 2006 1754 2088 probabile
1791 2009 1887 2070 est
1924 2042 2013 2052 —
2052 2006 2310 2071 misceri

259 2096 429 2159 enim
466 2097 593 2159 ista
627 2095 796 2159 inter
831 2115 901 2159 se
939 2099 1003 2159 et
1039 2096 1290 2160 conseri
1328 2094 1561 2159 debent
1596 2131 1712 2177 —,
1749 2095 1841 2160 sic
1877 2094 2305 2178 inperfectum

259 2206 333 2249 ac
387 2183 766 2270 languidum
821 2183 1065 2248 bonum
1121 2187 1218 2248 est
1277 2183 1345 2247 in
1392 2183 1591 2266 otium
1642 2184 1779 2248 sine
1824 2186 1974 2248 actu
2018 2185 2310 2269 proiecta

259 2274 490 2358 virtue,
559 2295 912 2356 numquam
975 2273 1067 2357 id,
1138 2272 1313 2356 quod
1375 2272 1625 2354 didicit,
1693 2272 2052 2339 ostendens
2161 2275 2305 2357 quis

257 2367 453 2448 negat
512 2363 689 2426 illam
748 2362 974 2427 debere
1029 2363 1356 2446 profectus
1413 2382 1562 2426 suos
1618 2361 1688 2426 in
1733 2383 1925 2445 opere
1971 2365 2309 2447 temptare,

258 2475 376 2518 nec
420 2456 672 2518 tantum
720 2452 877 2534 quid
922 2451 1286 2516 faciendum
1324 2451 1409 2516 sit
1444 2451 1757 2537 cogitare,
1802 2451 1913 2516 sed
1951 2451 2147 2516 etiam
2194 2454 2308 2517 ali·

261 2542 516 2624 quando
579 2564 840 2607 manum
903 2562 1192 2606 exercere
1258 2543 1324 2605 et
1383 2562 1483 2623 ea,
1544 2561 1707 2623 quae
1766 2541 2076 2606 meditata
2136 2549 2304 2626 sunt,

260 2633 339 2694 ad
409 2654 633 2696 verum
701 2628 1090 2714 perducere?
1193 2630 1424 2714 quodsi
1488 2652 1604 2713 per
1668 2631 1881 2714 ipsum
1948 2632 2305 2715 sapientem

437 2789 474 2842 3
502 2789 661 2842 cuius
691 2805 798 2857 pro
828 2788 920 2841 cui
947 2790 1085 2842 coni.
1119 2788 1359 2858 Madviy
1383 2787 1404 2859 ΙΙ
1430 2788 1465 2842 4
1494 2788 1845 2842 amarissime
1875 2789 1930 2843 A
1959 2790 2257 2859 comt-019.
2286 2789 2307 2860 ΙΙ

258 2860 295 2913 5
331 2863 391 2914 et
425 2876 604 2928 usque
638 2861 776 2928 τοῖς.
805 2858 992 2928 ejusq3
1021 2861 1077 2914 A
1121 2860 1126 2930 Ι
1167 2859 1471 2913 terminum
1500 2872 1535 2914 ς
1570 2859 1837 2913 terminet
1864 2862 1921 2914 A
1956 2859 1977 2932 ΙΙ
2010 2859 2047 2913 9
2086 2859 2221 2914 dedi
2249 2861 2306 2914 A

260 2931 405 2985 dedo
449 2943 483 2984 ς
529 2931 550 3002 ΙΙ
599 2929 671 2985 14
716 2930 1016 2984 accesseris
1067 2947 1170 3000 my.
1215 2931 1341 2986 edit.
1383 2931 1554 3000 Juyes
1598 2931 1809 3000 (Gertz)
1856 2931 2161 2986 accesserit
2193 2932 2252 2986 A
2284 2931 2307 3002 ss

260 3001 331 3056 15
360 3001 894 3071 contemplationem
923 3002 1044 3056 sine
1072 3002 1253 3069 exitu3
1288 3003 1375 3056 est
1403 3002 1553 3056 enim
1580 3003 1718 3073 voly.
1750 3002 2302 3071 contemplationem.

260 3072 381 3126 sine
419 3073 575 3127 exitu
613 3075 714 3128 est.
772 3075 859 3126 est
886 3073 1036 3127 enim
1064 3073 1120 3127 A
1147 3074 1231 3141 (in
1257 3079 1497 3129 extrema
1524 3075 1692 3128 huius
1719 3073 1931 3144 dialogi
1949 3081 2115 3142 parte
2139 3074 2305 3128 verba

259 3159 440 3198 errore
477 3145 698 3199 librarii
732 3145 847 3199 cod.
878 3145 934 3198 A
968 3146 1190 3212 saepius
1224 3145 1431 3199 iterata
1466 3146 1571 3215 leyi
1604 3151 1786 3200 monet
1825 3144 2011 3211 Gertz)
2055 3145 2077 3216 Η
2121 3143 2191 3199 17
2229 3161 2305 3198 an

260 3215 326 3266 ut
359 3214 498 3282 voly.
527 3215 652 3280 fort.
682 3221 822 3270 recte
877 3215 885 3276 Ι
930 3213 1001 3269 18
1035 3230 1140 3268 nec
1175 3214 1286 3268 tibi
1320 3231 1594 3284 umquam
1632 3216 1797 3270 Gertz
1833 3232 1938 3271 nec
1974 3219 2039 3269 tfi
2078 3232 2219 3284 quas
2246 3217 2304 3271 A

260 3299 365 3336 nec
391 3300 660 3352 umquam
693 3286 830 3353 voly.
879 3277 888 3356 1
923 3284 991 3339 21
1021 3285 1175 3339 nuda
1204 3287 1401 3342 sedere
1428 3302 1659 3356 operam
1687 3286 1771 3342 A²
1797 3303 1933 3342 corr.
1962 3287 2091 3354 fort.
2121 3305 2191 3343 m.
2218 3291 2261 3342 2
2282 3287 2305 3359 ΙΙ

261 3352 332 3407 22
368 3354 761 3422 imperfectum
797 3357 932 3426 voly.
975 3356 1125 3411 inter
1159 3357 1374 3412 fectum
1410 3359 1466 3414 A
1528 3358 1536 3432 Ι
1584 3357 1657 3413 25
1700 3357 1859 3412 illam
1900 3357 2107 3415 debere
2144 3358 2303 3414 illam

263 3423 319 3476 A
353 3422 375 3493 u
409 3423 478 3478 27
517 3428 650 3479 sunt
675 3427 731 3480 A
771 3428 858 3480 ent
889 3427 1052 3482 Gertz
1085 3428 1108 3499 Η
1142 3428 1214 3483 28
1252 3429 1458 3497 quodsi
1554 3431 1721 3500 ‘psius
1756 3429 1897 3499 qnid
1935 3431 1987 3486 si
2014 3431 2070 3486 A

2354 1031 2406 1071 10

2353 1492 2404 1533 15

2346 2385 2401 2428 2⁵
