2544 3746
0 1392 31 1463 ἰξ

293 61 422 129 150
698 52 759 115 L.
786 58 1076 115 ANNAEI
1113 57 1445 115 SENECAE
1482 58 1673 115 DIAL.
1703 58 1839 117 LIB.
1868 60 1937 116 V.

287 206 522 272 vulnus
586 204 833 271 inimici
898 227 1093 291 quam
1167 206 1281 291 qui
1353 206 1656 290 pusulam
1730 202 2161 290 concupiscit3
2233 206 2355 273 hic

289 295 462 362 enim
503 315 639 361 non
683 297 938 361 tantum
984 295 1140 361 mali
1187 295 1389 360 animi
1433 300 1562 379 est,
1606 294 1717 362 sed
1763 295 2004 381 pusilli.
2088 295 2227 362 sive
2265 296 2353 362 de

287 384 536 451 ultimis
578 384 916 471 suppliciis
953 384 1201 473 cogitas
1241 384 1377 451 sive
1414 384 1492 450 de
1527 385 1907 470 levioribus,
1955 386 2353 470 quantulum

290 478 388 541 est
445 475 756 560 temporis
765 523 786 559 ,
843 495 974 559 quo
1036 479 1149 540 aut
1205 474 1318 540 ille
1371 496 1583 559 poena
1636 497 1754 540 sua
1804 478 2186 560 torqueatur
2232 479 2357 540 aut

287 568 362 628 tu
425 565 670 630 malum
733 564 1042 650 gaudium
1107 586 1187 629 ex
1252 563 1463 630 aliena
1518 564 1867 649 percipias!
1957 564 2087 629 iam
2142 564 2353 629 istum
2424 586 2453 627 ε

218 668 253 719 5
290 653 590 737 spiritum
637 675 1006 738 expuemus.
1080 654 1368 737 interim,
1410 653 1565 719 dum
1599 654 1944 738 trahimus,
1983 653 2139 719 dum
2173 653 2352 719 inter

288 743 582 809 homines
657 764 904 828 sumus,
978 743 1264 809 colamus
1339 741 1838 828 humanitatem3
1913 764 2048 809 non
2121 743 2350 809 timori

291 834 620 918 cuiquam,
689 854 824 898 non
893 832 1183 917 periculo
1259 832 1490 916 simus,
1564 831 1975 917 detrimenta,
2055 832 2352 918 iniurias,

291 923 611 1006 convicia,
667 922 1107 989 vellicationes
1167 926 1654 988 contemnamus
1714 924 1780 987 et
1833 943 2073 1009 magno
2125 922 2347 987 animo

288 1012 511 1078 brevia
579 1011 860 1077 feramus
931 1011 1369 1078 incommoda:
1452 1010 1605 1077 dum
1676 1011 2087 1096 respicimus,
2168 1011 2351 1096 quod
2388 1034 2451 1075 ιο

291 1102 499 1186 aiunt,
546 1123 1002 1186 versamusque
1045 1122 1194 1185 nos,
1239 1101 1370 1166 iam
1416 1100 1776 1167 mortalitas
1822 1099 2045 1167 aderit.

470 1258 508 1315 6
544 1275 866 1329 expuemus.
907 1259 962 1315 L
1007 1274 1115 1329 exp
1115 1258 1319 1313 nimus.
1349 1260 1406 1315 A
1452 1258 1476 1331 ss
1522 1258 1593 1313 11
1640 1258 1758 1314 iam
1798 1257 2122 1314 mortalitas
2159 1257 2352 1315 aderit

205 1322 208 1325 ⁴
292 1332 606 1387 Pinetoenus
640 1329 1021 1386 inmortalitas
1055 1330 1290 1385 adeRIT
1328 1330 1467 1386 AL.
1501 1331 1823 1415 ‘Reliquam
1786 1332 2353 1459 “ew-'pagam

291 1404 356 1458 in
382 1404 439 1459 A
474 1404 686 1459 subscri
723 1404 802 1460 tio
835 1404 1202 1473 miniopwta
1488 1420 1554 1457 m
1590 1406 1661 1458 13
1694 1419 1885 1459 versus

292 1473 437 1530 Sene
602 1420 964 1529 dssouatum
1015 1473 1114 1528 DE
1041 1402 1539 1528 mffim'ER
1575 1472 1888 1529 TERTIVS
1924 1402 2263 1529 EXPLICIT
2311 1478 2352 1543 †

291 1542 488 1601 INCIP
515 1474 592 1600 ΤΑ
598 1545 700 1601 AD
738 1543 1083 1601 MARCIAM
1118 1544 1218 1599 DE
1258 1543 1407 1601 CON
1442 1543 1530 1600 ΒΟ
1568 1545 1665 1601 LA
1702 1543 1825 1600 '1¹10
1862 1544 2018 1599 NE.
