2544 3746
252 84 356 139 AD
395 82 736 139 HELVIAM
770 82 1092 137 MATREM
1127 82 1226 137 DE
1266 80 1826 138 CONSOLATIONE
1870 82 2024 139 CAP.
2059 90 2091 140 6
2176 86 2307 153 345

253 230 553 295 suasione
615 230 893 314 quadam
953 232 1019 293 et
1078 250 1421 295 consensu·
1456 228 1587 294 iam
1642 229 1931 314 asperius
1988 228 2070 294 ad
2124 252 2308 296 aures

249 320 434 385 venit
469 323 536 385 et
571 319 890 385 audientis
927 322 1260 403 tamquam
1298 318 1484 383 triste
1520 322 1587 383 et
1614 319 1969 384 execrabile
1997 318 2172 385 ferit:
2216 319 2311 385 ita

251 410 427 474 enim
474 410 754 494 populus
801 408 1019 492 iussit3
1074 408 1187 473 sed
1232 406 1463 493 populi
1512 407 1675 472 scita
1719 430 1801 473 ex
1845 430 2081 495 magna
2125 414 2309 495 parte

249 498 577 584 sapientes
626 498 960 585 abrogant.

179 612 210 654 5
431 586 544 653 VI.
617 586 896 652 Remoto
962 608 1116 673 ergo
1180 585 1424 651 iudicio
1490 586 1805 671 plurium,
1871 607 2034 670 quos
2097 588 2309 671 prima
2346 603 2374 652 1

246 699 464 749 rerum
503 676 776 761 species,
823 680 1176 760 utcumque
1215 675 1461 741 credita
1498 680 1622 758 est,
1670 676 1910 759 aufert,
1946 676 2305 761 videamus,

251 765 427 852 quid
463 767 550 831 sit
608 766 894 831 exilium.
984 787 1214 868 nempe
1259 764 1391 831 loci
1438 765 1877 830 commutatio.
1969 788 2053 831 ne
2108 788 2307 853 angu-

249 860 420 922 stare
484 854 707 921 videar
766 856 901 920 vim
967 856 1104 920 eius
1169 857 1237 919 et
1303 854 1621 939 quidquid
1683 854 2037 937 pessimum
2104 856 2173 921 in
2238 878 2305 921 se

246 943 446 1011 habet
491 945 894 1029 subtrahere,
939 943 1110 1009 hanc
1155 944 1731 1010 commutationem
1777 944 1908 1010 loci
1946 949 2307 1029 sequuntur

146 1060 209 1101 ιο
247 1034 689 1100 incommoda:
769 1036 1143 1120 paupertas,
1215 1033 1605 1120 ignominia,
1678 1037 2105 1118 contemptus.
2198 1034 2305 1099 ad—

245 1144 472 1189 versus
535 1124 664 1189 ista
724 1127 953 1209 postea
1015 1122 1393 1209 confligam3
1465 1122 1728 1188 interim
1791 1124 2076 1208 primum
2139 1123 2303 1189 illud

245 1212 488 1279 intueri
531 1214 712 1297 volo,
762 1212 917 1297 quid
963 1211 1178 1278 acerbi
1223 1212 1473 1277 adserat
1516 1213 1660 1297 ipsa
1694 1212 1825 1278 loci
1862 1214 2301 1279 commutatio.

430 1301 450 1333 ³
465 1300 694 1368 Carere
767 1300 979 1387 patria
1043 1301 1451 1367 intolerabile
1518 1300 1655 1366 est?
1748 1303 1963 1387 aspice
2026 1302 2301 1388 agedum
2340 1316 2371 1365 2

244 1390 417 1458 hanc
460 1391 919 1476 frequentiam,
975 1391 1082 1456 cui
1125 1390 1238 1455 vix
1282 1391 1463 1455 urbis
1509 1391 1861 1456 immensae
1905 1393 2080 1457 tecta
2124 1392 2302 1475 suffi—

144 1506 205 1547 15
245 1481 458 1547 ciun-t:
501 1480 786 1546 maxima
829 1500 986 1565 pars,
1027 1479 1216 1546 istius
1263 1478 1492 1545 turbae
1537 1480 1749 1565 patria
1785 1484 1973 1546 caret.
2050 1503 2130 1545 ex
2166 1504 2302 1547 mu-

241 1568 504 1653 nicipiis
569 1573 635 1635 et
699 1569 972 1635 coloniis
1038 1570 1199 1654 suis,
1263 1592 1345 1635 ex
1406 1572 1551 1638 toto
1616 1568 1893 1654 denique
1960 1569 2113 1636 orbe
2176 1574 2301 1636 ter-

242 1681 464 1724 rarum
519 1660 999 1725 confluxerunt:
1064 1658 1226 1724 alios
1284 1658 1554 1723 adduxit
1608 1658 1911 1743 ambitio,
1973 1659 2136 1725 alios
2190 1682 2299 1726 ne-

244 1749 512 1815 cessitas
567 1749 791 1815 *officii
863 1748 1139 1834 publici,
1214 1748 1377 1813 alios
1442 1747 1731 1831 inposita
1792 1746 2061 1835 legatie,
2136 1750 2297 1815 alios

240 1838 503 1904 luxuria
540 1842 977 1924 opportunum
1017 1842 1083 1904 et
1111 1838 1505 1922 opulentum·
1519 1838 1696 1903 vitiis
1722 1838 1940 1904 locum
1962 1858 2298 1925 quaeram,

141 1954 203 1995 πο
243 1928 408 1993 alios
461 1928 829 1993 liberalium
876 1927 1238 1993 studiorum
1286 1926 1638 2011 cupiditas,
1693 1928 1854 1992 alios
1904 1930 2297 2014 spectacula3

244 2016 560 2101 quosdam
633 2017 834 2082 traxit
907 2017 1220 2100 amicitia,
1303 2016 1618 2100 quosdam
1691 2017 2012 2083 industria
2082 2018 2296 2083 laxam
2352 2095 2357 2100 p

244 2105 675 2171 ostendendae
701 2103 949 2170 ‘virtuti
979 2109 1228 2190 ,nancta
1274 2106 1639 2189 materiam3
1696 2106 1958 2190 quidam
2004 2109 2295 2172 venalem

241 2194 520 2260 formam
576 2196 960 2280 attulerunt,
1026 2195 1291 2280 quidam
1345 2195 1639 2260 venalem
1697 2196 2134 2280 eloquentiam
2182 2218 2295 2259 -ε

239 2285 497 2350 nullum
550 2307 688 2352 non
739 2284 1079 2352 hominum
1133 2306 1341 2371 genus
1389 2285 1799 2349 concucurrit
1844 2285 1915 2350 in
1959 2285 2184 2351 urbem
2230 2289 2296 2350 et
2332 2303 2363 2352 3
2394 2300 2397 2302 ’

140 2397 200 2440 2⁶
240 2374 594 2440 virtutibus
642 2378 710 2440 et
753 2375 930 2440 vitiis
967 2395 1205 2460 magna
1241 2371 1451 2458 pretia
1486 2377 1854 2457 ponentem.
1946 2375 2095 2440 iube
2131 2375 2291 2440 istos

242 2484 466 2528 omnes
525 2463 606 2528 ad
664 2485 905 2528 nomen
965 2464 1150 2530 citari
1209 2466 1278 2528 et
1338 2461 1536 2528 unde
1598 2462 1822 2528 domo'
1881 2464 2155 2548 quisque
2209 2464 2295 2529 sit

238 2559 503 2635 quaere·
547 2551 796 2618 videbis
842 2552 1153 2617 maiorem
1198 2554 1451 2637 partem
1498 2573 1662 2636 esse,
1711 2572 1873 2636 quae
1919 2552 2161 2618 relictis
2199 2573 2293 2618 se·

242 2639 432 2705 dibus
488 2640 624 2706 suis
678 2641 930 2707 venerit
984 2640 1055 2705 in
1109 2641 1461 2744 maximam
1510 2640 1770 2723 quidem
1818 2661 1893 2706 ac
1938 2641 2291 2726 pulcherri-

239 2750 416 2795 mam
461 2729 712 2814 urbem,
757 2751 893 2796 non
936 2733 1156 2795 tamen
1201 2750 1402 2794 suam.
1479 2726 1705 2793 deinde
1752 2727 1831 2793 ab
1868 2728 1993 2796 hac
2031 2731 2290 2796 civitate
2326 2749 2360 2798 4

143 2842 202 2883 ιο
241 2817 524 2900 discede,
560 2839 724 2902 quae
760 2819 966 2884 veluti
1003 2818 1364 2884 communis
1402 2820 1620 2901 potest
1657 2816 1813 2901 (1101,
1850 2839 2071 2887 omnes
2098 2819 2289 2884 urbes

108 2960 112 2964 .
241 2906 537 2973 circumi.
591 2907 774 2973 nulla
825 2929 962 2972 non
1005 2928 1310 3008 magnam
1356 2909 1607 2996 partem
1651 2907 2027 2992 peregrinae
2072 2907 2288 2973 multi-

238 2994 485 3060 tudinis
538 2993 749 3061 habet.
841 2997 1046 3060 transi
1101 2996 1180 3061 ab
1236 2995 1348 3077 iis,
1403 3016 1677 3078 quarum
1732 3016 2004 3060 amoena
2047 2996 2287 3080 positio

238 3086 308 3149 et
351 3085 807 3168 opportunitas
852 3085 1138 3170 regionis
1182 3083 1403 3168 plures
1450 3082 1701 3166 adlicit,
1748 3083 1999 3149 deserta
2042 3085 2189 3149 loca
2224 3088 2287 3148 et

421 3240 451 3294 7
481 3240 940 3296 commutatione.
978 3240 1285 3310 angustare
1303 3240 1362 3295 A
1390 3255 1526 3294 corr.
1543 3239 1771 3296 Fickert
1795 3240 1816 3314 ΙΙ
1840 3239 1877 3295 9
1896 3242 2169 3308 sequntur
2184 3242 2241 3296 A
2266 3240 2288 3312 Η

235 3309 310 3366 26
346 3310 523 3368 unde
561 3313 755 3369 domo’
799 3331 868 3370 ex
908 3312 1182 3369 communi
1217 3311 1463 3378 formula
1504 3311 1603 3379 cfr.
1637 3312 1789 3397 Verq
1823 3315 1965 3369 Aen.
1999 3313 2155 3368 VIII
2182 3317 2284 3366 114

239 3383 380 3440 Hor.
423 3385 576 3454 epist.
620 3387 662 3441 I
701 3391 754 3454 7,
781 3389 854 3441 53
898 3384 919 3458 ΙΙ
966 3383 1037 3439 31
1087 3382 1323 3438 circumi
1358 3384 1497 3454 volq.
1536 3383 1713 3440 circui
1749 3396 1785 3438 ς
1824 3385 1977 3439 circu
2004 3384 2061 3438 A
2097 3383 2197 3450 cfr.
2236 3399 2279 3436 c

237 3458 292 3522 7,
316 3461 352 3512 6
386 3457 466 3510 in.
486 3454 524 3530 ΙΙ
557 3455 631 3512 38
668 3427 852 3512 allicit
877 3456 964 3513 A⁵
997 3458 1062 3512 in
1095 3472 1208 3514 ras.
1248 3454 1449 3509 adlic&
1476 3455 1561 3510 A¹
1594 3463 1659 3512 ut
1692 3456 1802 3512 vid.
