2544 3746
824 77 924 132 DE
961 76 1471 133 PROVIDENTIA
1508 75 1661 133 CAP.
1692 85 1726 132 4
2219 82 2297 145 11

244 223 449 288 fortes
496 221 735 288 milites
783 221 984 307 bell03
1020 222 1453 308 Triumphum
1501 245 1622 309 ego
1662 223 2142 289 murmillonem
2180 223 2302 288 sub

245 310 391 378 Tib.
429 309 698 378 Caesare
761 311 841 378 de
903 313 1169 378 raritate
1230 334 1572 378 munerum
1634 313 1853 378 audivi
1901 316 2303 396 querentem:

245 402 466 486 ‘quam
527 401 722 467 bella'
775 401 991 486 inquit
1044 401 1246 467 ‘aetas
1306 401 1536 487 perit-1³
1628 402 1818 467 avida
1875 405 1975 467 est
2032 402 2304 488 periculi

243 491 453 556 virtus
519 494 586 556 et
652 512 781 575 quo
845 491 1099 574 tendat,
1159 512 1297 557 non
1357 490 1511 575 quid
1572 512 1841 577 passura
1900 491 1986 556 sit
2040 491 2305 577 cogitat,

183 602 208 642 s
246 580 559 665 quoniam
607 581 802 646 etiam
851 580 1026 666 quod
1047 601 1334 665 ‚passura
1369 584 1469 647 est
1497 581 1744 666 gloriae
1779 602 1928 665 pars
1958 584 2073 646 est.
2139 581 2305 646 mili-

244 674 417 735 tares
464 669 587 734 viri
633 669 997 756 gloriantur
1032 669 1441 755 vulneribus,
1492 670 1648 736 laeti
1694 670 2006 735 fluentem
2052 670 2305 736 meliori

245 780 401 824 casu
463 759 845 845 sanguinem
901 762 1261 843 ostentant3
1317 758 1488 825 idem
1533 759 1689 826 licet
1733 758 2007 825 fecerint
2052 759 2165 844 qui
2211 758 2305 824 in-

243 848 416 936 tegri
459 850 877 914 revertuntur
921 871 1001 915 ex
1045 848 1212 934 acie,
1255 848 1464 936 magis
1512 851 1845 933 spectatur
1889 847 2002 934 qui
2047 848 2303 915 saucius

241 937 430 1004 redit.
523 937 712 1022 ipsis,
769 939 1067 1022 inquam,
1125 937 1283 1003 deus
1334 939 1647 1025 consulit,
1700 959 1865 1024 quos
1921 957 2061 1004 esse
2108 959 2303 1023 quam
2343 957 2376 1004 5

149 1049 210 1090 ιο
243 1027 741 1092 honestissimos
801 1028 1011 1112 cupit,
1081 1027 1381 1111 quotiens
1449 1027 1580 1093 fflis
1638 1028 1979 1094 materiam
2038 1027 2305 1112 praebet

243 1115 495 1201 aliquid
532 1115 821 1182 animose
856 1115 1241 1202 fortiterque
1278 1115 1586 1202 faciendi,
1629 1116 1710 1183 ad
1750 1138 1943 1201 quam
1972 1139 2109 1182 rem
2138 1137 2303 1202 opus

244 1209 348 1272 est
393 1205 612 1290 aliqua
661 1228 879 1272 rerum
927 1206 1342 1293 difficultate:
1396 1205 1897 1294 gubernatorem
1948 1206 2018 1272 iu
2056 1209 2305 1291 tempe-

244 1299 446 1378 state,
488 1295 559 1359 in
605 1296 742 1360 acie
796 1295 1073 1362 militem
1128 1295 1488 1382 intellegas.
1578 1297 1751 1362 unde
1818 1316 2086 1380 possum
2142 1295 2305 1362 scire

246 1388 566 1469 quantum
597 1385 902 1450 adversus
930 1389 1381 1470 paupertatem
1417 1385 1542 1450 tibi
1578 1385 1779 1451 animi
1816 1385 1930 1470 sit,
1968 1385 2024 1451 si
2060 1385 2304 1451 divitiis

143 1493 205 1535 ιε
245 1472 539 1538 diffluis?
625 1474 798 1539 unde
849 1495 1119 1558 possum
1175 1475 1340 1540 scire
1396 1477 1711 1559 quantum
1770 1475 2075 1540 adversus
2122 1475 2305 1560 igno-

245 1562 518 1627 miniam
577 1564 646 1627 et
707 1562 1042 1628 infamiam
1113 1562 1465 1649 odiumque
1524 1564 1837 1648 populare
1904 1562 2305 1630 constantiae

245 1651 518 1734 habeas,
573 1651 630 1716 si
673 1651 846 1717 inter
889 1652 1156 1736 plausus
1203 1653 1514 1736 senescis,
1568 1653 1623 1716 si
1668 1656 1735 1718 te
1780 1651 2303 1740 inexpugnabilis

246 1744 316 1806 et
351 1740 773 1808 inclinatione
802 1740 1080 1825 quadam
1111 1742 1428 1807 mentium
1465 1763 1711 1826 pronus
1748 1741 1935 1809 favor
1970 1741 2305 1826 sequitur?

243 1830 419 1896 unde
483 1830 618 1897 scio
679 1852 875 1916 quam
937 1852 1146 1917 aequo
1207 1831 1425 1898 animo
1484 1831 1735 1898 laturus
1792 1831 1881 1897 sis
1940 1831 2305 1916 orbitatem,

139 1942 209 1982 '⁹
247 1920 1451 2077 {tuffoufflffissf'ussssfflffifiexii‘ssffl
1533 1920 1769 2077 ἒῗῗῗέ
1805 1926 1900 2005 ¹⁵⁰’
1932 1921 2303 2077 33303533

247 2120 452 2183 esses,
497 2098 554 2165 si
600 2103 667 2165 te
711 2099 850 2184 ipse
897 2099 1116 2166 dolere
1125 2033 1492 2166 Pvetuissei.
1586 2033 1816 2185 nolitez
1862 2098 2130 2167 obsecro
2168 2121 2307 2185 vos,
2342 2116 2373 2165 6

246 2209 673 2274 expavescere
731 2189 884 2273 ista,
946 2211 1110 2274 quae
1171 2190 1261 2256 dii
1322 2189 1721 2256 immortales
1769 2191 1949 2256 velut
2003 2189 2305 2255 stimulos

247 2278 600 2346 admovent
649 2279 910 2344 animis:
957 2280 1290 2345 calamitas
1340 2279 1602 2346 virtutis
1649 2280 1901 2347 occasio
1949 2284 2064 2346 est.
2156 2280 2303 2345 illos

137 2387 202 2429 ts
245 2368 481 2433 merito
532 2368 676 2452 quis
724 2368 960 2434 dixerit
1013 2368 1284 2435 miseros
1331 2369 1446 2454 qui
1488 2369 1692 2435 nimia
1737 2368 2047 2436 felicitate
2091 2373 2305 2454 torpe-

247 2460 467 2541 scunt,
512 2478 679 2541 quos
724 2458 906 2524 velut
949 2457 1020 2524 in
1065 2458 1229 2524 mari
1271 2459 1453 2525 lento
1498 2458 1936 2543 tranquillitas
1982 2458 2153 2524 iners
2200 2457 2307 2523 de·

245 2546 442 2631 tinet3
503 2547 814 2631 quicquid
873 2547 1004 2613 illis
1063 2548 1395 2633 inciderit,
1453 2568 1699 2613 novum
1753 2547 1986 2613 veniet.
2095 2548 2303 2634 magis
2344 2562 2374 2610 7

430 2767 464 2821 1
511 2766 692 2834 bello;
743 2767 1119 2838 Triumphum
1175 2768 1341 2825 θοή·-
1401 2767 1797 2840 (Triumphum
1847 2770 1964 2824 iam
2014 2768 2306 2825 Rubenius

245 2839 555 2908 manerat)
601 2837 742 2894 belli
784 2838 1076 2911 triumpho
1119 2857 1274 2896 nunc
1300 2822 1374 2909 Ᾰ,
1410 2841 1507 2897 sed
1541 2839 1582 2893 b
1616 2858 1688 2896 m.
1720 2847 1752 2896 1
1790 2857 1927 2896 corr.
1959 2857 2027 2896 ex
2061 2858 2119 2909 u,
2156 2840 2179 2894 i
2211 2859 2305 2896 ra·

245 2908 432 2965 dendo
479 2911 694 2977 factuam
738 2917 816 2965 est
849 2928 920 2965 ex
955 2928 1007 2981 o,
1047 2910 1303 2967 ultimam
1340 2928 1373 2966 o
1410 2913 1475 2966 in
1507 2929 1620 2968 ras.
1648 2914 1883 2981 scripsit
1914 2912 1999 2968 A⁵
2044 2928 2201 2967 eraso
2235 2914 2305 2981 us

247 2983 448 3051 (supra
474 2998 502 3034 s
530 2980 760 3037 deletam
787 2982 868 3052 m)
905 2989 1008 3089 aut
1041 2986 1081 3037 ι”ι
1112 2982 1120 3056 Ι
1153 2999 1258 3053 ego
1289 2985 1351 3053 (g
1376 3000 1515 3039 corr.
1544 3000 1612 3039 ex
1639 2986 1687 3054 r)
1715 2982 1800 3040 Αι
1832 2982 1855 3057 ΙΙ
1890 2982 1927 3039 2
1954 2982 2079 3039 Tib.
2106 2984 2307 3053 scripsi

250 3099 306 3153 .t.
347 3097 415 3151 in
447 3112 561 3151 ras.
591 3098 800 3153 maiore
825 3096 911 3153 A*
944 3097 990 3167 tj
1031 3099 1089 3168 (i.
1110 3115 1154 3153 e.
1182 3097 1313 3169 tibi)
1349 3101 1477 3167 fort.
1508 3099 1593 3156 Α*
1626 3098 1647 3173 ΙΙ
1695 3098 1733 3155 4
1768 3100 1970 3154 tendat
2004 3100 2142 3172 volq.
2180 3101 2305 3155 ten-

249 3168 341 3222 dit
367 3168 424 3224 A
459 3166 480 3239 ΙΙ
515 3166 555 3222 6
589 3166 859 3224 fluentem
896 3184 928 3224 e
963 3168 1142 3224 lorica
1179 3172 1513 3241 sanguinem
1550 3170 1899 3227 Studemwnd
1934 3173 2075 3227 coni.
2120 3170 2305 3226 fiuen-

247 3242 368 3294 tem
396 3255 428 3294 e
455 3238 636 3295 lorica
663 3256 768 3295 sua
794 3241 1131 3311 sanguinem
1158 3241 1351 3310 Gertz,
1383 3244 1683 3313 speciosius
1707 3260 1875 3313 quam
1900 3245 2115 3309 ναῖκες
2140 3243 2309 3300 verba

250 3310 475 3367 meliori
525 3326 665 3366 casu
715 3328 842 3367 eum
889 3311 1030 3367 laeti
1079 3314 1467 3384 coniungenda
1516 3331 1627 3370 esse
1667 3315 1956 3385 perspexit
2005 3315 2057 3369 Ι.
2099 3314 2306 3370 Vahlen

253 3383 487 3438 Hermes
533 3382 726 3439 XXX
756 3400 890 3454 paq.
921 3388 993 3439 33
1009 3401 1086 3453 sq.
1137 3384 1160 3457 Η
1200 3382 1277 3439 -21
1331 3384 1626 3440 esolareris
1675 3402 1814 3441 corr.
1853 3402 1924 3440 ex
1966 3383 2128 3439 -laris
2166 3384 2252 3441 A²
2282 3385 2307 3488 u
2490 3372 2523 3497 λ’

253 3451 324 3507 25
351 3454 562 3508 dixerit
588 3470 727 3510 corr.
757 3470 827 3510 ex
854 3454 1093 3510 dixerim
1121 3458 1238 3511 A1-
1252 3459 1275 3491 ⁸
1301 3455 1322 3528 Η
1348 3455 1416 3513 2¹2
1446 3455 1752 3530 incideritll
1773 3456 1858 3512 A⁵
1884 3454 2193 3525 inciderint
2221 3457 2277 3510 A
