2544 3746
192 108 328 175 360
565 106 626 161 L.
655 104 942 159 ANNAEI
977 103 1311 161 SENECAE
1347 88 1538 159 mAL'.
1568 102 1705 159 Lm.
1732 102 1853 159 ΧΠ,

193 252 248 318 si
293 251 594 317 ultimum
640 250 810 317 diem
853 272 989 317 non
1035 250 1220 335 quasi
1255 272 1562 336 poenam,
1606 250 1718 317 sed
1756 249 1943 335 quasi
1976 252 2249 315 naturae

190 341 403 429 legem
458 341 722 425 aspicis,
778 363 860 407 ex
914 361 1045 424 quo
1089 343 1351 426 pectore
1398 344 1645 406 metum
1690 340 1919 405 mortis
1966 340 2247 422 eieceris‚

122 447 154 497 3
193 432 263 495 in
305 430 374 495 id
417 430 662 497 nullius
707 430 803 495 rei
848 424 1045 495 timor
1089 430 1353 495 audebit
1398 430 1668 513 inti-ar03
1712 429 1768 495 si
1814 430 2063 515 cogitas
2100 428 2249 493 libi·

194 520 409 586 dinem
437 542 588 585 non
631 519 987 604 voluptatis
1033 540 1226 585 eausa
1269 518 1522 585 homini
1564 518 1813 603 datam,
1852 518 1970 597 ⁴sed
2014 540 2249 604 propa-

195 608 391 695 gandi
448 608 730 695 generis,
791 630 984 692 quem
1042 630 1178 674 non
1230 608 1574 676 violaverit
1625 608 1753 674 hoc
1808 612 2135 673 secretum·
2182 612 2251 673 et
2316 626 2339 666 5

193 698 466 763 infixum
521 697 873 763 visceribus
929 698 1090 783 ipsis
1138 697 1440 781 exitium,
1466 719 1470 721 ·
1495 697 1705 763 omnis
1750 696 1879 762 alia
1923 696 2247 781 cupiditas

193 788 509 853 intactum
563 788 953 871 praeteribit.
1043 809 1180 852 non
1233 788 1493 873 singula
1546 786 1705 852 vitia
1756 786 1924 851 ratio
1978 785 2093 851 sed
2136 808 2251 871 pa-

123 893 158 942 4
193 877 351 943 riter
409 877 629 943 omnia
685 876 1065 961 prosternit:
1125 878 1196 942 in
1252 877 1629 943 universum
1689 876 1887 942 semel
1945 874 2247 941 vincitur.

196 966 553 1051 ignominia
587 970 661 1031 tu
698 969 890 1051 putas
929 986 1321 1050 quemquam
1358 966 1716 1051 sapientem
1753 965 2000 1031 moveri
2033 986 2252 1050 posse,

195 1055 310 1141 qui
371 1056 588 1121 omnia
645 1054 716 1119 in
775 1078 843 1121 se
901 1056 1223 1140 reposuit,
1284 1056 1397 1139 qui
1456 1055 1537 1121 ab
1596 1053 2010 1140 opinionibus
2067 1054 2251 1141 volgi
2288 1075 2343 1114 ιο

196 1143 502 1211 secessit?
591 1145 740 1229 plus
795 1144 990 1210 etiam
1047 1166 1242 1227 quam
1278 1143 1657 1232 *ignominia
1701 1146 1800 1210 est
1843 1164 2019 1209 mors
2063 1143 2250 1229 igno-

194 1234 497 1300 miniosa:
544 1232 842 1301 Socrates
878 1238 1100 1299 tamen
1135 1233 1363 1300 eodem
1402 1234 1518 1299 illo
1556 1234 1771 1317 voltu,
1808 1255 1937 1317 quo
1974 1232 2251 1319 triginta

195 1328 506 1409 tyrannos
567 1324 745 1389 solus
807 1323 1156 1407 aliquando
1218 1324 1288 1388 in
1349 1322 1641 1388 ordinem
1692 1322 2055 1408 redegerat,
2113 1343 2251 1387 car·

197 1434 403 1478 cerem
446 1412 714 1477 intravit
749 1412 1174 1500 ignominiam
1210 1412 1339 1495 ipsi
1376 1413 1523 1477 loco
1562 1412 1993 1495 detracturus3
2036 1432 2251 1495 neque

126 1516 159 1566 5
197 1502 368 1567 enim
414 1504 669 1585 poterat
714 1522 933 1567 carcer
976 1500 1181 1566 videri
1225 1501 1297 1565 in
1343 1522 1473 1585 quo
1511 1499 1807 1567 Socrates
1854 1503 2007 1565 erat.
2101 1500 2252 1584 quis
2291 1521 2343 1561 ιε

196 1611 402 1676 usque
461 1612 537 1655 eo
593 1590 697 1676 ad·
729 1590 1251 1675 conspiciendam
1308 1590 1645 1655 veritatem
1700 1593 2076 1655 excaecatus
2130 1593 2253 1672 est,

197 1683 272 1745 ut
317 1680 743 1765 ignominiam
788 1684 974 1764 putet
1009 1678 1214 1744 Marci
1252 1676 1514 1745 Catonis
1561 1680 1761 1745 fuisse
1808 1678 2133 1763 duplicem
2181 1677 2254 1743 in

197 1768 510 1853 petitione
554 1772 892 1853 praeturae
928 1772 995 1834 et
1031 1768 1405 1834 consulatus
1441 1766 1809 1853 repulsam?
1888 1767 2255 1853 ignominia

197 1858 312 1924 illa
375 1862 714 1944 praeturae
772 1861 840 1924 et
903 1857 1280 1925 consulatus
1344 1857 1498 1942 fuit,
1562 1858 1796 1943 quibus
1860 1879 1943 1922 ex
2005 1854 2253 1923 Catone

127 1963 160 2012 6
195 1947 409 2014 honor
464 1948 836 2014 habebatur.
929 1968 1118 2013 nemo
1179 1948 1289 2013 ab·
1321 1947 1451 2013 alio
1506 1947 1967 2030 contemnitur,
2026 1946 2157 2012 nisi
2214 1969 2254 2012 a
2290 1967 2346 2008 πο

199 2059 267 2102 se
323 2040 472 2102 ante
527 2039 938 2122 contemptus
994 2040 1108 2102 est.
1199 2037 1465 2102 humilis
1512 2039 1578 2101 et
1621 2036 1948 2121 proiectus
1995 2035 2252 2101 animus

199 2125 286 2192 sit
357 2126 469 2191 isti
540 2126 968 2193 contumeliae
1032 2130 1467 2211 opportunus3
1539 2127 1654 2211 qui
1724 2147 1877 2191 vero
1943 2124 2253 2192 adversus

201 2215 610 2282 saevissimos
665 2236 850 2282 casus
907 2237 976 2281 se
1031 2215 1289 2281 extollit
1342 2219 1407 2282 et
1462 2237 1537 2281 ea
1591 2216 1789 2299 mala,
1847 2214 2083 2298 quibus
2138 2213 2255 2278 alii

203 2304 682 2390 opprimuntur,
755 2305 1016 2388 evertit,
1085 2305 1258 2389 ipsas
1333 2305 1622 2372 miserias
1686 2303 2039 2383 idaim-um
2102 2305 2254 2369 loco

199 2393 422 2478 habet,
477 2394 734 2478 quando
781 2395 873 2460 ita
918 2393 1156 2460 adfecti
1201 2416 1453 2478 sumus,
1496 2397 1572 2459 ut
1615 2393 1782 2459 nihil
1826 2415 2029 2478 aeque
2073 2415 2255 2479 mag·
2293 2412 2347 2453 ss

200 2505 352 2549 nam
407 2486 567 2568 aput
612 2505 730 2549 nos
777 2482 1271 2548 admirationem
1319 2487 1594 2567 occupet
1638 2504 1833 2566 quam
1877 2483 2076 2548 homo
2123 2481 2255 2547 for-

134 2586 162 2635 7
203 2572 356 2637 titer
389 2573 600 2638 miser.
675 2572 1027 2638 ducebatur
1061 2570 1338 2637 Athenis
1376 2571 1458 2636 ad
1494 2572 1886 2656 supplicium
1914 2569 2255 2654 Aristides,

83 2693 86 2698 ·
189 2657 310 2727 'eui
347 2661 640 2746 quisquis
678 2665 1044 2728 occurrerat
1072 2661 1388 2738 deiciebat
1416 2661 1639 2727 oculos
1668 2664 1733 2726 et
1759 2659 2259 2747 ingemescebat‚

201 2773 335 2816 non
404 2754 736 2834 tamquam
797 2751 867 2816 in
924 2751 1254 2816 hominem
1314 2751 1558 2816 iustum
1618 2749 1733 2815 sed
1788 2752 2123 2834 tamquam
2182 2750 2259 2813 in

202 2840 410 2925 ipsam
465 2840 782 2905 iustitiam
829 2839 1470 2924 animadverteretur3
1525 2841 1825 2904 inventus
1872 2842 1971 2904 est
2013 2841 2257 2922 tamen⁷
2296 2858 2352 2898 ³0

205 2929 317 3012 qui
363 2929 434 2994 in
477 2929 708 3004 faciem
757 2929 894 2993 eius
940 2929 1287 3012 inspueret.
1379 2930 1643 3012 poterat
1682 2929 1763 2994 ob
1809 2927 1937 2992 hoc
1982 2927 2257 2992 moleste

203 3017 369 3084 ferre
382 3066 401 3103 ,
466 3017 640 3102 quod
707 3018 951 3084 sciebat
1009 3016 1331 3108 neminem
1351 3017 1458 3081 ”id
1518 3038 1824 3082 ausurum
1884 3017 2033 3101 puri
2096 3016 2259 3100 oris3

383 3191 419 3246 8
454 3191 704 3246 uincitur
730 3194 785 3247 A
822 3192 1000 3247 vincit
1035 3142 1539 3248 &damianum
1581 3191 1602 3265 ΙΙ
1650 3191 1722 3246 18
1767 3190 2043 3261 petitione
2071 3189 2157 3246 A¹
2192 3197 2263 3246 ut
2316 3190 2321 3192 ’

206 3261 339 3327 vid„
365 3262 568 3317 lineola
593 3269 789 3331 postea
815 3281 978 3319 erasa
1004 3270 1082 3320 est
1106 3263 1128 3336 Η
1163 3263 1234 3318 19
1263 3262 1586 3323 consolatus
1614 3263 1698 3318 A²
1724 3279 1863 3318 corr.
1891 3279 2041 3324 man.
2066 3262 2261 3332 1-211

208 3330 280 3384 20
316 3333 733 3400 contempnitur
759 3335 814 3388 A
859 3334 880 3406 ΙΙ
928 3334 1002 3389 22
1041 3334 1118 3389 sit
1143 3336 1198 3389 A
1237 3337 1326 3390 est
1364 3334 1531 3390 Gertz
1570 3334 1577 3407 Ι
1623 3333 1967 3389 contumelia
1994 3332 2081 3388 A²
2114 3347 2259 3388 corr.

210 3400 294 3454 A¹
327 3401 350 3472 Η
381 3401 454 3456 28
491 3402 591 3456 alii
627 3420 764 3459 corr.
795 3421 864 3459 ex
900 3404 981 3459 ali
1013 3405 1141 3473 fort.
1173 3405 1258 3460 A²
1292 3405 1313 3479 ΙΙ
1347 3404 1417 3460 27
1447 3405 1727 3462 Aristides
1755 3406 1812 3460 A
1848 3421 2057 3462 errasse
2094 3404 2259 3460 Sene-

211 3486 331 3525 cam
366 3472 508 3526 vidit
534 3473 792 3542 Lipsius.-
827 3477 1059 3532 scribere
1094 3477 1282 3532 debuit
1316 3475 1566 3532 Phocion
