2544 3746
893 72 992 126 DE
1029 70 1158 125 IRA
1194 71 1329 126 LIB.
1358 71 1400 126 Ι.
1468 71 1621 126 CAP.
1654 76 1720 126 19
2028 95 2033 100 ’
2236 75 2319 140 67

466 215 636 282 ΧΙΧ.
719 217 958 300 Habet,
1017 219 1309 301 inquam,
1369 215 1699 282 iracundia
1760 217 1887 282 hoc
1948 218 2129 282 mali:
2190 239 2324 282 non
2363 240 2390 288 1

284 308 430 370 vult
485 308 652 392 regi;
708 307 1006 372 irascitur
1049 307 1308 370 veritati
1354 305 1507 390 ipsi,
1554 306 1612 370 si
1656 309 1881 370 contra
1924 307 2322 372 voluntatem

285 418 470 462 suam
541 397 868 480 apparuit3
940 395 1086 460 cum
1161 396 1439 460 clamore
1512 398 1578 458 et
1648 395 1933 459 tumultu
1996 399 2061 460 et
2120 397 2322 462 totius

283 485 576 569 corporis
637 485 981 550 iactatione
1041 505 1202 567 quos
1263 483 1611 549 destinavit
1654 483 2015 567 insequitur
2060 484 2323 550 adiectis

219 594 244 634 5
282 574 594 639 conviciis
653 573 1154 656 maledictisque.
1254 573 1382 637 hoc
1438 595 1572 636 non
1630 572 1789 638 facit
1846 573 2041 657 rati03
2097 573 2208 639 sed
2262 573 2325 640 si
2359 595 2391 644 2

281 664 375 727 ita
442 678 630 747 opus·
670 666 793 745 est,
859 663 1052 727 silens
1114 661 1459 746 quietaque
1516 664 1687 726 totas
1749 660 1977 728 domus
2031 661 2322 728 funditus

279 752 460 815 tollit
507 755 571 815 et
614 751 892 816 familias
938 751 1033 816 rei
1077 750 1373 835 publicae
1420 750 1792 834 pestilentes
1839 771 1987 818 cum
2037 750 2324 837 coniugi-

281 841 405 908 bus
457 862 532 904 ac
575 841 797 905 liberis
840 839 1076 924 perdit,
1113 842 1284 905 tecta
1320 840 1463 923 ipsa
1500 838 1699 903 diruit
1734 843 1801 903 et
1836 840 1975 906 solo
2012 843 2326 924 exaequat

281 933 348 994 et
393 930 656 994 inimica
699 930 984 993 libertati
1027 929 1293 993 nomina
1337 929 1643 1012 extirpat:
1687 929 1814 993 hoc
1856 950 1990 993 non
2026 928 2323 994 frendens

187 1040 246 1079 10
279 1039 402 1082 nec
467 1023 662 1103 caput
727 1040 1036 1102 quassans
1099 1039 1219 1082 nec
1283 1018 1629 1101 quicquam
1692 1017 2063 1082 indecorum
2126 1018 2325 1083 iudici

282 1107 553 1190 faciens,
613 1109 794 1172 cuius
854 1111 996 1171 tum
1053 1107 1330 1170 maxime
1384 1105 1675 1190 placidus
1731 1128 1868 1171 esse
1915 1107 2101 1171 debet
2145 1110 2211 1172 et
2254 1107 2325 1172 in

281 1200 460 1260 statu
504 1197 750 1278 vultus,
797 1217 943 1260 cum
991 1217 1226 1280 magna
1269 1196 1662 1279 pronuntiat.
1754 1193 1941 1279 ‘quid
1986 1205 2149 1280 opus
2196 1193 2324 1288 est’
2360 1218 2393 1266 3

282 1285 500 1369 inquit
561 1283 996 1368 Hieronymus
1062 1282 1081 1313 ‘
1095 1305 1243 1350 cum
1303 1284 1464 1350 velis
1525 1284 1784 1349 caedere
1843 1284 2148 1368 aliquem,
2212 1289 2324 1349 tua

284 1376 466 1457 prius
503 1374 685 1438 labra
721 1372 1085 1439 mordere?
1160 1373 1345 1458 quid,
1385 1375 1441 1439 si
1473 1373 1587 1438 ille
1622 1372 1891 1438 vidisset
1926 1372 2323 1439 desilientem

189 1483 246 1524 15
284 1463 363 1526 de
423 1462 734 1527 tribunali
792 1463 1244 1547 proconsulem
1300 1466 1365 1526 et
1418 1462 1621 1527 fasces
1670 1463 1888 1527 lictori
1933 1463 2323 1527 auferentem

283 1557 350 1616 et
396 1555 647 1616 suamet
689 1553 1070 1616 vestimenta
1116 1551 1537 1634 scindentem,
1594 1552 1747 1634 quia
1790 1551 2034 1616 tardius
2081 1551 2323 1617 scinde-

281 1641 522 1704 bantur
566 1639 816 1704 aliena?
887 1639 1043 1724 quid
1090 1660 1251 1722 opus
1300 1643 1397 1705 est
1442 1661 1726 1704 mensam
1774 1640 2095 1704 evertere?
2168 1640 2323 1725 quid
2358 1664 2394 1712 4

283 1731 522 1814 pocula
585 1729 931 1815 adfligere?
1036 1729 1192 1813 quid
1241 1741 1325 1793 'se
1389 1729 1459 1792 in
1521 1729 1851 1794 columnas
1924 1728 2324 1814 impingere?

285 1819 444 1903 quid
518 1819 787 1904 capillos
845 1819 1160 1907 avellere,
1242 1817 1452 1883 femur
1527 1821 1879 1903 pectusque
1951 1817 2324 1903 percutere?

187 1930 248 1969 πο
285 1911 595 1992 quantam
659 1910 821 1973 iram
884 1913 1100 1993 putas,
1162 1929 1352 1992 quae,
1414 1908 1565 1992 quia
1618 1908 1689 1971 in
1743 1908 1941 1972 alium
2000 1930 2133 1972 non
2190 1912 2323 1972 tam

285 1998 417 2061 cito
481 2017 674 2080 quam
730 1998 875 2061 vult
932 1997 1236 2080 erumpit,
1297 1997 1371 2069 in,
1426 2018 1491 2060 se
1547 1996 1930 2061 revertitur?
2028 2001 2325 2061 tenentur

284 2087 506 2169 itaque
553 2108 590 2149 a
635 2086 948 2170 proximis
995 2088 1060 2149 et
1104 2088 1443 2170 rogantur,
1502 2088 1576 2148 ut
1629 2085 1754 2151 sibi
1799 2086 1928 2169 ipsi
1972 2086 2320 2169 placentur.

285 2196 564 2260 quorum
623 2176 718 2239 nil
775 2174 934 2239 facit
987 2175 1280 2258 quisquis
1327 2195 1567 2240 vacuus
1613 2174 1709 2238 ira
1754 2175 2047 2239 meritam
2094 2175 2323 2258 cuique
2360 2200 2392 2247 5

283 2286 562 2349 poenam
607 2264 903 2349 iniungit.
992 2263 1262 2327 dimittit
1308 2285 1497 2347 saepe
1542 2285 1715 2345 eum,
1762 2264 1943 2328 cuius
1990 2268 2323 2348 peccatum

188 2374 248 2413 25
283 2353 649 2438 deprendit:
705 2354 760 2418 si
814 2352 1206 2437 paenitentia
1249 2352 1413 2417 'facti
1460 2374 1639 2436 spem
1682 2352 1919 2416 bonam
1964 2352 2321 2436 pollicetur,

286 2444 343 2507 si
388 2442 710 2526 intellegit
752 2463 887 2506 non
932 2464 1010 2505 ex
1055 2442 1188 2505 alto
1234 2441 1452 2505 venire
1486 2441 1868 2525 nequitiam,
1907 2441 2018 2506 sed
2054 2462 2321 2525 summo,

286 2532 462 2615 quod
528 2532 734 2613 aiunt,
799 2532 1013 2595 animo
1073 2530 1428 2613 inhaerere,
1490 2528 1669 2594 dabit
1725 2530 2152 2613 inpunitatem
2204 2551 2323 2595 nec

285 2619 748 2704 accipientibus
821 2619 1180 2684 nocituram
1251 2640 1372 2683 nec
1445 2618 1770 2701 dantibus3
1839 2640 2322 2703 nonnumquam
2360 2646 2395 2694 ὃ

284 2731 523 2795 magna
581 2709 820 2775 scelera
872 2708 1076 2773 levius
1133 2729 1325 2792 quam
1381 2708 1632 2772 minora
1676 2711 2039 2792 compescet
2046 2756 2084 2792 ,.
2112 2708 2167 2773 si
2210 2708 2325 2773 illa

187 2819 250 2859 so
282 2800 476 2883 lapsu
483 2848 502 2881 ,
547 2819 680 2862 non
725 2797 1100 2863 crudelitate
1145 2798 1487 2863 commissa
1532 2800 1708 2880 sunt,
1758 2796 1862 2861 his
1906 2797 2074 2862 inest
2116 2798 2323 2862 latens

285 2892 351 2953 et
425 2891 652 2972 operta
715 2891 778 2951 et
841 2888 1192 2951 inveterata
1250 2885 1595 2983 calliditas3
1658 2886 1827 2950 idem
1888 2886 2191 2951 delictum
2253 2886 2324 2951 in

467 3078 504 3133 2
541 3079 884 3133 voluntatem
932 3080 1020 3134 vol
1059 3121 1070 3133 .
1107 3078 1461 3147 uoluptatem
1498 3079 1555 3133 A
1570 3079 1623 3133 L
1740 3077 1809 3133 11
1856 3080 1979 3133 tum
2014 3080 2071 3135 A
2114 3080 2253 3133 tunc
2289 3092 2325 3133 ς

287 3152 388 3219 cfr.
418 3167 538 3219 cop.
572 3154 713 3215 15,2
760 3150 781 3223 ΙΙ
832 3149 900 3205 13
937 3096 1135 3205 οοὲετθ
1162 3152 1218 3209 A
1251 3149 1282 3222 ,ΙΙ
1326 3148 1614 3233 15·fasces
1691 3220 1704 3233 .
1732 3148 1887 3204 faces
1913 3151 1970 3205 A
2012 3150 2033 3222 ΙΙ
2078 3148 2149 3204 18
2185 3150 2323 3219 quid

287 3222 493 3292 pocula
520 3222 581 3275 in
609 3220 898 3275 columnas
931 3222 1279 3291 impingere?
1334 3220 1473 3289 quid
1499 3237 1561 3275 se
1588 3236 1623 3273 a
1780 3226 1878 3275 re?
1932 3222 2155 3276 licenter
2182 3222 2320 3276 coni.

287 3294 535 3348 Karsten
577 3291 598 3364 ΙΙ
644 3292 714 3346 19
750 3291 994 3348 auellere
1023 3294 1076 3347 A
1114 3291 1357 3347 euellere
1393 3304 1429 3345 ς
1462 3298 1515 3346 et
1547 3292 1684 3362 vola.
1721 3292 1728 3365 Ι
1789 3290 1862 3345 2⁰
1898 3292 2168 3360 quantam
2198 3292 2321 3347 AL

287 3380 458 3434 quam
507 3366 790 3419 amentem
839 3365 1153 3435 &apicum
1196 3362 1359 3419 Gertz
1406 3361 1428 3437 ss
1475 3361 1549 3418 28
1582 3362 1672 3418 ira
1791 3363 1907 3433 (sed
1937 3364 2127 3431 fuerat
2159 3362 2267 3434 ira)
2300 3362 2322 3436 ΙΙ

285 3434 358 3491 24
393 3432 638 3491 dimittit
665 3438 714 3491 A
758 3437 894 3491 -ttet
918 3436 1083 3491 Gertz

1823 3540 1893 3595 ὃ.
