2544 3746
177 1034 234 1075 10

179 1480 236 1521 15

397 60 496 115 AD
535 60 924 115 PAVLINVM
959 60 1058 114 DE
1089 59 1519 115 BREVITATE
1547 60 1771 115 VITAE
1810 59 1964 117 CAP
1995 68 2044 116 4.
2076 68 2107 117 5
2192 65 2323 131 285

274 206 646 271 Danuvium
719 207 1030 272 terminos
1104 211 1350 291 movet,
1423 207 1491 271 in
1565 208 1709 291 ipsa
1780 208 1937 272 urbe
2002 206 2324 291 Murenae,

275 294 646 381 Caepionis,
689 296 946 381 Lepidi,
991 296 1262 382 Egnati,
1324 297 1599 362 aliorum
1658 297 1729 361 in
1782 318 1931 361 eum
1986 318 2323 363 mucrones

272 386 682 451 acuebantur.
765 385 1055 451 nondum
1100 386 1336 450 horum
1382 386 1696 473 effugerat
1739 386 2031 452 insidias:
2078 387 2216 451 filia
2261 391 2326 451 et
2363 402 2395 451 6

271 477 375 540 tot
431 475 680 540 nobiles
741 476 1003 540 iuvenes
1061 475 1375 541 adulterio
1422 476 1603 540 velut
1658 479 2057 554 sacramento
2114 476 2326 541 adacti

268 565 405 629 iam
449 564 791 630 infractam
838 568 1111 630 aetatem
1157 564 1540 632 territabant
1585 562 1953 649 Paulusque
1990 567 2056 629 et
2090 565 2325 631 iterum

271 653 560 719 timenda
615 676 763 719 eum
809 653 1098 735 Antonio
1155 655 1403 720 mulier.
1494 654 1655 719 haec
1708 654 1926 719 ulcera
1972 676 2121 719 cum
2166 654 2326 739 ipsis

271 744 576 809 membris
639 744 1021 809 absciderat:
1082 744 1209 808 alia
1269 744 1844 827 subnascebantur3
1895 744 2077 808 velut
2132 765 2327 830 grave

273 833 482 897 multo
547 834 860 919 sanguine
925 854 1160 917 corpus
1228 836 1413 917 parte
1478 854 1730 918 semper
1794 834 2013 917 aliqua
2074 854 2327 917 rumpe·

271 922 478 986 batur.
573 923 792 1007 itaque
849 923 1056 987 otium
1111 924 1405 1007 optabat,
1461 923 1532 987 in
1575 922 1777 988 huius·
1818 944 1931 1007 spe
1976 926 2041 987 et
2086 923 2328 1008 cogita-

271 1011 452 1076 tione
513 1011 766 1077 labores
832 1012 968 1077 eius
1033 1012 1424 1096 residebant,
1487 1012 1615 1077 hoe
1678 1016 1906 1077 votum
1970 1015 2109 1077 erat
2171 1012 2327 1095 eius,

274 1101 389 1183 qui
434 1101 572 1166 voti
619 1104 951 1185 compotes
997 1102 1206 1166 facere
1251 1104 1523 1187 poterat.

453 1189 534 1254 V
621 1189 705 1255 Μ.
765 1190 986 1255 Cicero
1061 1192 1230 1255 inter
1305 1188 1642 1274 Catilinas,
1717 1187 1979 1255 Clodios
2053 1190 2327 1256 iactatus
2367 1207 2395 1254 1

273 1276 747 1364 Pompeiosque
808 1283 873 1344 et
934 1278 1225 1382 Crassos,
1284 1280 1525 1363 partim
1580 1279 1956 1345 manifestos
2011 1277 2328 1362 inimicos,

273 1369 511 1451 partim
561 1369 789 1435 dubios
837 1369 1104 1453 amicos,
1162 1369 1317 1434 dum
1362 1368 1714 1434 fluctuatur
1760 1390 1908 1434 cum
1952 1391 2023 1433 re
2068 1367 2353 1452 publiea.

275 1460 340 1521 et
403 1458 584 1523 illam
649 1481 908 1543 pessum
974 1461 1233 1524 euntem
1297 1462 1499 1542 tenet,
1571 1458 1923 1524 novissime
1996 1458 2328 1541 abductus,

231 1568 392 1611 .nee
457 1548 753 1614 secundis
817 1548 1007 1613 rebus
1075 1550 1331 1632 quietus
1396 1570 1516 1613 nec
1580 1549 1991 1613 adversarum
2059 1548 2328 1632 patiens,

176 1928 236 1968 2⁰

274 1638 573 1720 quotiens
619 1638 805 1703 illum
851 1639 1067 1723 ipsum
1113 1638 1523 1703 consulatum
1566 1660 1753 1703 suum
1790 1659 1924 1702 non
1960 1637 2099 1703 sine
2136 1659 2330 1703 causa

273 1725 386 1789 sed
433 1727 569 1791 sine
615 1726 746 1791 fine
790 1727 1123 1792 laudatum
1166 1728 1546 1793 detestatur!
1621 1749 1816 1812 quam
1852 1726 2098 1793 flebiles
2136 1747 2327 1792 voees
2365 1742 2397 1791 2

273 1816 578 1899 exprimit
641 1816 712 1881 in
777 1816 1054 1902 quadam
1118 1816 1199 1881 ad
1259 1814 1556 1883 Atticum
1621 1818 1899 1903 epistula
1962 1816 2092 1881 iam
2151 1817 2327 1882 vieto

271 1909 454 1989 patre
520 1905 861 1991 Pompeio,
926 1906 1137 1972 adhue
1195 1907 1349 1972 filio-
1396 1907 1467 1972 in
1524 1906 1845 1992 Hispania
1897 1906 2104 1971 fracta
2150 1927 2330 1971 arma

271 1994 628 2059 refovente!
722 1995 739 2024 ³
756 1996 912 2079 quid
967 1995 1188 2082 agam'
1237 1996 1453 2080 inquit
1508 1996 1672 2079 ‘hi0‚
1722 1995 2021 2079 quaeris?
2111 2017 2330 2060 moror

271 2083 342 2147 in
413 2083 781 2149 Tusculano
857 2103 1000 2150 meo
1076 2084 1442 2150 semiliber?
1556 2086 1683 2149 alia
1749 2085 2048 2169 deinceps
2115 2083 2329 2167 adicit,

273 2173 507 2256 quib—us
568 2177 632 2238 et
690 2173 972 2258 priorem
1029 2177 1306 2240 aetatem
1362 2174 1725 2258 complorat
1771 2177 1836 2238 et
1883 2174 1960 2239 de
2006 2173 2331 2258 praesenti

271 2262 564 2346 queritur
624 2266 690 2327 et
749 2263 828 2328 de
881 2264 1102 2328 futura
1158 2264 1471 2348 desperat.
1566 2263 2003 2330 semiliberum
2051 2285 2118 2328 se
2167 2262 2331 2327 dixit
2366 2277 2399 2326 3

273 2349 526 2418 Cicero:
605 2356 673 2416 at
746 2375 850 2417 me
921 2353 1214 2418 hercules
1290 2374 1645 2437 numquam
1720 2353 1975 2437 sapiens
2050 2352 2121 2416 in
2192 2354 2327 2416 tam

270 2440 517 2507 humile
563 2463 801 2506 nomen
848 2442 1180 2526 procedet,
1225 2464 1581 2526 numquam
1619 2441 1947 2507 semiliber
1984 2441 2131 2525 erit,
2169 2440 2328 2506 inte-

271 2551 426 2615 grae
486 2551 739 2614 semper
795 2531 1113 2597 libertatis
1170 2536 1234 2597 et
1290 2531 1559 2615 solidae,
1608 2531 1861 2596 solutus
1909 2533 1976 2594 et
2022 2532 2123 2596 sui
2168 2531 2327 2596 iuris

271 2622 338 2682 et
402 2619 596 2684 altior
659 2621 904 2686 ceteris.
1000 2620 1155 2705 quid
1216 2620 1389 2686 enim
1450 2643 1647 2706 supra
1706 2641 1854 2684 eum
1909 2622 2127 2704 potest
2172 2641 2327 2703 esse,

273 2707 387 2791 qui
434 2731 630 2793 supra
675 2709 1005 2775 fortunam
1052 2708 1194 2776 est?

451 2846 524 2902 20
560 2849 672 2904 Cic.
701 2848 903 2918 fraym.
934 2851 1086 2918 epist.
1119 2850 1182 2904 Ε
1214 2851 1320 2904 XI
1349 2851 1423 2919 (=
1451 2865 1532 2919 ep.
1563 2839 1640 2904 iud
1672 2849 1734 2920 Q.
1755 2849 1991 2918 Axium)
2020 2852 2137 2903 6=
2166 2849 2267 2904 IV
2292 2855 2328 2904 3

263 2935 325 2987 p.
356 2922 482 2986 303,
511 2925 584 2975 30
621 2920 790 2975 Man

450 3007 486 3061 2
531 3007 769 3078 Egnati,
822 3008 1062 3064 aliorum
1107 3009 1270 3064 Gertz
1322 3008 1679 3080 egnatiorum
1723 3009 1777 3064 A
1828 3009 1847 3082 ΙΙ
1902 3009 1937 3063 5
1982 3009 2328 3079 Paullusque

270 3079 474 3134 Ruben
509 3079 753 3149 plusque
780 3081 836 3135 A
871 3081 892 3153 ΙΙ
937 3080 972 3135 8
1008 3083 1172 3150 parte
1211 3097 1434 3150 semper
1472 3080 1667 3149 aliqua
1704 3080 2076 3150 rumpebatur
2107 3082 2327 3138 Gronov

267 3152 464 3218 partes
511 3167 733 3220 semper
781 3151 924 3220 aliq;
972 3151 1386 3222 rumpebantur
1420 3153 1549 3220 A¹,
1576 3169 1685 3223 pro
1724 3152 1868 3220 aliq·
1910 3154 2132 3224 virgula
2168 3171 2329 3210 erasa

271 3221 499 3292 aliquae
548 3225 768 3291 scripsit
810 3223 894 3278 A'
927 3222 947 3296 Η
983 3223 1054 3278 19
1102 3223 1383 3294 expromit
1424 3225 1643 3295 Siesbye
1680 3225 1835 3296 apud
1880 3224 2038 3281 Gertz
2024 3227 2161 3281 ium
2202 3226 2208 3297 l
2252 3227 2328 3280 ad

267 3309 311 3346 s.
340 3309 390 3347 v.
435 3293 564 3348 add.
612 3293 698 3350 A²
750 3301 816 3350 ut
868 3295 978 3350 vid.
1033 3295 1108 3350 ad
1159 3297 1367 3352 Axium
1417 3297 1652 3368 Lipsius
1706 3296 1827 3351 coll.
1874 3296 2023 3352 Suet.
2068 3297 2184 3352 Jul
2230 3302 2266 3352 9
2308 3297 2329 3370 1⁸

269 3381 342 3435 26
392 3383 651 3451 procidet
693 3385 887 3439 Haase
936 3385 956 3457 ΙΙ
1005 3384 1076 3440 28
1129 3375 1234 3454 sub
1284 3403 1353 3440 eu
1396 3386 1452 3440 A
1500 3387 1596 3442 sed
1642 3402 1677 3440 a
1722 3402 1896 3454 supra
1936 3404 1975 3504 p
2013 3385 2143 3441 add.
2182 3403 2253 3440 m.
2292 3390 2328 3440 5

269 3453 562 3524 eademque
599 3472 669 3510 eu
705 3458 769 3511 in
804 3474 836 3510 r
837 3473 915 3511 as.
945 3458 1169 3526 scripsit
