2544 3746
193 77 326 133 Vm
1004 77 1420 135 PRAEFATIO

194 233 458 308 meliore,
502 230 642 291 utili
687 248 824 290 cum
867 248 1012 290 cura
1055 232 1429 292 retractavit.
1499 233 1584 304 et
1632 233 1707 292 ut
1758 233 2039 293 omittam
2083 251 2239 310 quae

193 323 258 382 in
305 319 736 400 orthographia
779 320 1060 396 mutavit,
1105 321 1439 381 innumeris
1484 320 1633 382 locis
1676 321 1913 382 litteras
1960 341 1997 382 a
2041 321 2239 400 prima

193 429 376 472 manu
446 409 606 470 male
676 409 834 468 inter
903 408 1090 470 verba
1161 409 1519 470 distributas
1590 413 1753 471 recte
1824 410 2060 489 divisit,
2130 431 2241 489 per

195 518 455 560 errorem
507 497 767 576 repetita
821 497 1070 575 delevit,
1125 499 1349 559 omissa
1402 501 1734 578 supplevit,
1764 499 2010 560 litteris
2055 501 2239 578 sylla-

191 588 405 667 bisque
448 607 634 666 prave
679 587 919 664 scriptis
963 590 1158 649 rectas
1203 587 1641 665 superscripsit
1722 589 1827 649 sed
1869 608 2241 667 quamquam

191 676 245 739 is
301 677 424 738 alio
478 696 692 757 genere
751 677 1139 758 litterarum,
1180 696 1302 737 non
1356 675 1813 757 Langobardico
1866 679 1976 738 illo
2021 680 2239 756 utitur,

191 770 397 828 tamen
458 766 625 826 haud
686 767 896 843 paucis
959 766 1108 827 locis
1171 769 1337 826 certo
1402 766 1521 827 dici
1583 787 1704 827 non
1766 785 1969 845 posse,
2034 771 2239 828 utrum

190 856 392 933 prima
435 875 514 917 an
559 855 819 916 secunda
861 874 1076 916 manus
1123 857 1506 935 agnoscenda
1550 858 1658 932 sit,
1704 855 1883 917 Gertz
1925 857 2057 934 ipse
2098 875 2238 918 con-

189 946 412 1007 fitetur.
512 944 756 1006 maioris
815 963 958 1005 vero
1017 947 1311 1006 momenti
1360 947 1463 1022 ⁴est
1521 944 1683 1023 quod
1727 939 1817 1006 A8
1872 937 1995 1024 per*
2038 949 2238 1008 totum

165 1034 457 1096 codicem
508 1053 684 1095 voces
728 1034 1008 1112 ‘singulas
1057 1038 1120 1095 et
1162 1034 1484 1095 verborum
1528 1035 1707 1095 series
1768 1053 1955 1113 supra
1999 1055 2240 1096 versum

191 1125 547 1202 saepiusque
599 1124 665 1183 in
717 1123 991 1202 margine
1043 1125 1136 1184 ita
1189 1124 1522 1201 supplevit,
1576 1126 1649 1183 ut
1700 1127 1928 1202 puncto
1982 1126 2051 1184 in
2102 1125 2237 1202 ipso

189 1232 370 1274 versu
414 1213 798 1293 significaret,
843 1232 966 1289 quo
1003 1213 1134 1273 loco
1180 1213 1533 1274 inserendae
1577 1216 1793 1274 essent.
1874 1215 2024 1274 haec
2069 1214 2236 1274 addi·

187 1305 460 1363 tamenta
505 1303 654 1380 quin
699 1321 808 1363 suo
853 1302 986 1362 iure
1029 1304 1104 1362 ut
1146 1304 1410 1382 genuina
1457 1301 1634 1363 Gertz
1679 1335 1770 1345 —-
1810 1302 1995 1365 habes
2033 1306 2238 1364 omnia

188 1393 305 1451 huc
349 1392 686 1470 spectantia.
733 1390 896 1469 apud
948 1411 1088 1451 eum
1139 1392 1206 1451 in
1250 1392 1442 1469 praef.
1487 1412 1546 1469 p.
1574 1391 1695 1452 XII
1738 1392 1991 1454 collecta
2038 1425 2124 1436 —
2170 1395 2237 1453 in

188 1483 425 1541 textum
467 1481 778 1560 receperit,
822 1481 1106 1557 equidem
1139 1500 1262 1540 non
1299 1480 1527 1541 dubito.
1602 1482 1817 1559 paucis
1853 1481 2031 1542 modo
2068 1482 2237 1560 locis,

191 1570 407 1647 quibus
470 1590 546 1631 ne
607 1571 673 1629 id
736 1570 984 1648 quidem
1049 1572 1314 1645 constat,
1379 1573 1586 1630 utrum
1646 1571 1794 1631 haec
1866 1589 2081 1633 manus
2154 1591 2236 1632 an

188 1663 484 1721 recentior
545 1661 1021 1720 coniunctionem
1085 1664 1140 1720 et
1201 1658 1529 1736 addiderit,
1601 1661 1781 1720 aliter
1842 1661 2234 1721 iudicandum

187 1751 406 1826 putavi
468 1742 556 1832 (p.
597 1751 858 1825 301,15
917 1751 979 1809 et
1029 1751 1139 1827 163
1200 1749 1347 1825 179,
1380 1740 1513 1832 18).
1620 1751 1885 1810 ceterum
1945 1749 2045 1810 hic
2108 1769 2234 1811 cor-

187 1841 402 1917 rector,
447 1858 584 1900 cum
627 1838 844 1899 utilem
889 1857 1136 1916 operam
1181 1837 1371 1899 codici
1419 1841 1698 1916 navaret,
1742 1839 1988 1918 proprio
2030 1841 2236 1900 tamen

188 1929 384 1989 Marte
411 1947 687 1990 successu
715 1930 864 1989 satis
892 1928 1122 1989 infelici
1140 1929 1439 2007 quaedam
1456 1930 1719 1989 mutavit
1736 1924 1871 2013 (cfr.
1888 1951 1945 2008 p.
1962 1932 2108 2007 130,
2121 1932 2235 2006 2ος

195 2020 342 2095 133,
373 2020 484 2095 183
536 2020 683 2095 162,
715 2019 826 2094 193
876 2019 1024 2095 210,
1055 2010 1198 2102 22),
1250 2021 1325 2078 ut
1369 2016 1607 2079 Gertzio
1669 2018 2110 2089 concedendum
2154 2020 2236 2079 sit

189 2127 326 2167 eum
372 2110 480 2168 aut
523 2126 661 2169 suas
709 2107 1078 2167 coniecturas
1123 2108 1550 2184 immiscuisse,
1598 2109 1761 2185 quod
1804 2110 2010 2186 potius
2048 2108 2236 2168 credi-

189 2197 398 2272 derim,
435 2199 548 2257 aut
572 2197 990 2275 apographum
1019 2196 1365 2257 adhibuisse
1394 2195 1769 2274 aliquatenus
1800 2197 2236 2275 interpolatum

189 2288 299 2346 aut
341 2288 664 2363 utrumque
712 2286 941 2355 iecisse.

366 2375 425 2434 A
468 2394 653 2436 manu
699 2375 962 2435 secunda
1005 2374 1236 2453 pallido
1282 2376 1621 2435 atramento
1668 2377 1730 2435 et
1774 2376 1995 2435 litteris
2043 2376 2232 2435 mino-

188 2464 382 2541 ribus,
453 2464 848 2545 longiusculis
924 2482 994 2523 ac
1057 2464 1477 2540 tenuiusculis‚
1551 2464 1949 2543 distinguitur
2019 2482 2234 2525 manus

188 2556 373 2615 tertia
417 2546 564 2638 (A')
609 2573 730 2613 non
783 2555 874 2614 ita
928 2554 1124 2614 multo
1181 2556 1380 2614 aetate
1425 2553 1691 2614 inferior.
1782 2554 1882 2613 hic
1936 2556 2238 2614 corrector

190 2662 436 2723 operam
489 2663 528 2704 a
585 2643 846 2704 secunda
909 2662 1093 2703 manu
1155 2642 1505 2704 incohatam
1550 2642 1933 2703 continuavit
1993 2645 2055 2703 et
2113 2662 2235 2703 non

189 2732 368 2793 modo
432 2733 670 2811 saepius
733 2752 925 2809 prava
988 2733 1246 2793 correxit
1306 2732 1369 2792 et
1431 2732 1652 2792 omissa
1711 2731 1862 2792 bene
1926 2733 2237 2811 supplevit

192 2816 326 2903 (cfr.
361 2842 422 2899 p.
456 2824 602 2898 160,
631 2824 745 2899 233
795 2824 942 2894 176,
967 2823 1076 2899 103
1127 2824 1275 2897 274,
1307 2824 1420 2898 273
1468 2822 1617 2897 295,
1641 2824 1751 2898 133
1799 2823 1949 2897 303,
1978 2816 2077 2903 3),
2128 2822 2235 2882 sed

191 2910 377 2971 etiam
420 2912 578 2972 falsa
621 2911 857 2988 intulit,
904 2910 1030 2972 sive
1077 2914 1201 2971 suis
1249 2909 1605 2971 coniecturis
1640 2929 1816 2987 usus,
1862 2911 1990 2972 sive
2033 2911 2267 2995 minus⁴

188 2999 350 3061 bona
392 3001 685 3061 librorum
739 3000 1109 3079 supellectile
1163 3002 1497 3061 instructus
1554 2992 1687 3081 (cfr.
1725 3022 1783 3079 p.
1825 3000 1883 3075 8,
1914 3001 1981 3076 53
2031 3002 2091 3076 9,
2122 3002 2233 3077 23;

194 3090 297 3166 23,
327 3091 440 3167 22;
488 3092 591 3166 23,
621 3092 660 3151 5
707 3091 770 3151 et
816 3092 928 3167 183
978 3092 1228 3167 51,12;·
1267 3091 1372 3165 70,
1402 3092 1513 3169 25;
1564 3091 1711 3166 300,
1738 3080 1879 3172 28);
1925 3089 2233 3151 nonnullis

189 3198 332 3239 vero
389 3179 536 3239 locis
590 3182 890 3257 scriptura
943 3180 1183 3257 primae·
1229 3196 1444 3239 manus
1501 3197 1673 3239 erasa
1724 3178 1791 3237 in·
1847 3180 2075 3239 rasuris
2122 3198 2235 3240 sua

192 3266 509 3328 substituit
563 3262 697 3351 (cfr.
733 3290 792 3347 p.
825 3271 928 3346 25,
959 3270 1071 3346 283
1129 3270 1233 3346 50,
1263 3270 1377 3345 273
1435 3270 1596 3345 69,7
1646 3269 1711 3328 et
1758 3262 1887 3351 12).
1978 3268 2233 3329 eundem

192 3357 369 3415 notas
406 3375 644 3434 quoque
679 3359 837 3419 varii
871 3358 1105 3437 generis
1140 3359 1208 3417 in·
1241 3358 1515 3437 margine
1544 3358 1899 3436 plerumque
1926 3357 2231 3435 adiecisse,

193 3444 268 3502 ut
311 3446 421 3504 aut
462 3451 815 3524 argumenta
861 3450 1060 3508 essent
1103 3466 1337 3523 eorum,
1394 3467 1547 3526 quae
1601 3446 1667 3507 in
1711 3450 1880 3508 textu
1924 3447 2231 3527 leguntur,
