2544 3746
141 1099 202 1139 1⁰

141 1542 200 1584 15

143 1989 204 2030 20

144 2435 205 2476 85

247 108 368 163 ‘AD
396 105 738 162 HELVIAM
764 105 1083 161 MATREM
1110 106 1209 161 DE
1237 105 1798 163 CONSOLATIONE
1828 106 1982 162 OAP.
2006 112 2073 161 14
2159 109 2289 176 361

239 257 312 319 at
369 253 481 319 ille
540 252 843 319 abstersit
897 250 1131 318 faciem
1189 255 1256 317 et
1311 251 1645 317 subridens
1702 253 1795 317 ait
1840 251 2179 317 comitanti
2224 272 2293 317 se

239 343 679 429 magistratui:
744 341 1048 408 ‘admone
1110 342 1337 425 istum,
1399 363 1483 407 ne
1549 346 1775 426 postea
1832 344 1967 406 tam
2021 341 2293 426 inprobe

240 432 491 498 oscitet.
495 430 515 460 '
606 431 734 497 hoc
777 431 906 497 fuit
939 431 1401 497 contumeliam
1436 430 1566 516 ipsi
1602 430 2030 497 contumeliae
2065 430 2291 496 facere.

240 521 376 587 scio
451 521 764 624 quosdam
839 520 1047 587 dicere
1121 523 1502 606 contemptu
1571 518 1741 585 nihil
1811 541 1950 585 0330
2014 520 2293 607 gravius,
2330 537 2363 588 8

239 612 517 677 mortem
573 610 736 695 ipsis
781 609 1101 695 potiorem
1147 608 1370 675 videri.
1459 608 1565 674 his
1612 631 1734 695 ego
1780 608 2181 694 respondebo
2230 612 2295 674 et

240 698 505 766 exilium
566 720 757 785 saepe
817 699 1302 784 contemptione
1362 699 1542 763 omni
1602 720 1844 765 carere.
1906 697 1961 765 si
2019 719 2292 784 magnus
2353 762 2355 764 ,

237 788 341 855 vir
385 788 645 873 cecidit,
691 809 964 875 magnus
1010 788 1236 873 iacuit,
1280 809 1417 854 non
1460 789 1668 875 magis
1715 788 1903 853 illum
1949 787 2296 871 contemni,

239 899 438 964 quam
483 878 738 944 aedium
783 898 1110 949 sacrarum
1145 878 1369 943 ruinae
1406 877 1763 962 calcantur,
1808 898 1969 962 (11133
2005 877 2294 963 religiosi

239 989 443 1051 aeque
489 988 566 1033 ac
611 968 843 1034 stantis
890 967 1180 1033 adorant.

420 1072 596 1140 XIV.
673 1073 994 1152 Quoniam
1053 1094 1199 1139 meo
1257 1074 1523 1140 nomine
1580 1074 1749 1140 nihil
1800 1073 2030 1157 habes,
2088 1076 2295 1137 mater
2332 1093 2361 1141 1

240 1163 603 1248 carissima,
650 1164 825 1247 quod
871 1167 936 1228 te
983 1164 1054 1228 in
1097 1163 1387 1233 infinitas
1433 1162 1731 1229 lacrimas
1778 1166 1955 1250 agat,
2002 1162 2295 1247 sequitur

239 1256 316 1319 ut
370 1274 600 1320 causae
655 1255 808 1319 tuae
860 1255 928 1318 te
983 1253 1338 1321 stimulent.
1430 1256 1582 1319 sunt
1636 1256 1854 1318 autem
1898 1252 2088 1317 duae:
2141 1274 2293 1317 nam

239 1345 355 1408 aut
409 1342 574 1408 illud
629 1346 694 1407 te
747 1344 994 1426 movet,
1059 1342 1235 1427 quod
1290 1342 1683 1427 praesidium
1736 1341 2002 1426 aliquod
2056 1340 2292 1407 videris

239 1431 563 1515 amisisse,
606 1435 721 1497 aut
765 1431 960 1515 fflud,
1005 1431 1181 1516 quod
1207 1430 1607 1513 ,desiderium
1642 1430 1859 1516 ipsum
1897 1452 2015 1515 per
2050 1452 2119 1496 se
2155 1429 2293 1514 pati

238 1541 375 1586 11011
419 1522 621 1605 potes.

421 1607 608 1675 Prior
671 1631 822 1695 pars
883 1609 1046 1678 mihi
1102 1609 1332 1675 leviter
1390 1608 1884 1695 perstringenda
1941 1611 2068 1693 est3
2130 1606 2295 1673 novi
2328 1626 2361 1675 2

240 1698 412 1764 enim
469 1698 758 1764 animum
811 1702 1000 1763 tuum
1044 1698 1214 1763 nihil
1257 1697 1329 1763 in
1372 1700 1508 1765 suis
1553 1701 1808 1784 praeter
1851 1698 2028 1781 ipsos
2077 1718 2293 1763 aman-

237 1792 390 1854 tem.
483 1788 765 1854 viderint
809 1788 960 1853 illae
1005 1793 1271 1872 matres,
1328 1809 1491 1871 quae
1538 1787 1897 1873 potentiam
1940 1787 2293 1853 liberorum

239 1878 544 1944 muliebri
600 1878 964 1962 inpotentia
1022 1880 1347 1961 exercent,
1407 1899 1599 1962 quae,
1660 1877 1814 1961 quia
1866 1877 2125 1942 feminis
2178 1878 2294 1941 ho-

238 1989 432 2032 nores
477 1989 612 2033 non
655 1968 811 2032 licet
856 1988 1104 2052 gerere,
1147 1989 1264 2052 per
1301 1967 1448 2032 11103
1488 1967 1868 2032 ambitiosae
1905 1970 2083 2050 sunt,
2129 1985 2293 2050 quae

240 2056 634 2142 patrimonia
705 2057 991 2121 filiorum
1056 2060 1122 2121 et
1183 2055 1573 2122 exhauriunt
1635 2058 1701 2122 et
1764 2057 2055 2140 captant,
2128 2075 2293 2139 quae

135 2184 147 2194 -
241 2147 682 2230 eloquentiam
737 2144 1206 2211 commodando
1263 2146 1409 2211 aliis
1462 2145 1768 2233 fatigant.
1822 2149 1896 2210 tu
1940 2145 2293 2225 liberorum
2330 2161 2362 2211 8

239 2239 504 2301 tuorum
558 2235 746 2302 bonis
803 2235 1160 2320 plurimum
1207 2236 1432 2322 gavisa
1477 2256 1575 2320 es,
1632 2235 1976 2300 minimum
2020 2255 2165 2319 usa3
2218 2239 2295 2299 tu

239 2325 617 2391 liberalitati
687 2329 946 2391 nostrae
1018 2346 1272 2410 semper
1342 2324 1715 2410 imposuisti
1775 2324 2069 2407 modum,
2142 2345 2292 2388 cum

239 2418 391 2480 tuae
446 2435 582 2481 non
626 2414 998 2498 inponeres3
1051 2419 1126 2478 tu
1171 2415 1311 2479 filia
1353 2413 1636 2480 familiae
1682 2413 2116 2499 locupletibus
2162 2413 2293 2478 filis

241 2505 416 2569 ultro
463 2503 824 2587 contulisti3
867 2507 944 2569 tu
988 2503 1381 2588 patrimonia
1415 2506 1639 2568 nostra
1676 2503 1770 2570 sic
1808 2502 2295 2586 administrasti,

242 2596 316 2658 ut
373 2595 708 2677 tamquam
763 2593 833 2658 in
885 2592 1018 2658 tuis
1071 2594 1426 2674 laborares,
1487 2595 1818 2677 tamquam
1873 2593 2100 2658 alienis
2154 2592 2292 2658 abs-

240 2682 510 2766 tineres3
580 2685 655 2748 tu
730 2683 975 2768 gratiae
1047 2684 1335 2766 nostrae,
1398 2685 1732 2766 tamquam
1810 2682 2035 2748 alienis
2100 2681 2291 2748 rebus

241 2772 541 2855 1110το113,
586 2771 933 2857 pepercisti
977 2775 1042 2836 et
1087 2793 1167 2838 ex
1210 2770 1567 2838 honoribus
1613 2772 1853 2838 nostris
1899 2771 2067 2836 nihil
2110 2770 2191 2836 ad
2227 2774 2292 2836 te

423 2982 456 3037 1
505 2987 568 3038 31
610 2985 676 3038 in
719 2999 828 3038 rae.
868 2981 954 3038 A⁶
989 2983 1065 3037 ad
1101 2983 1186 3038 A²
1227 2989 1295 3039 ut
1331 2983 1441 3038 vid.
1493 2983 1514 3056 ΙΙ
1561 2982 1597 3037 2
1650 2981 1933 3067 admones]
1968 2983 2023 3036 A
2074 2999 2213 3037 0333.
2266 2998 2293 3036 3

241 3055 326 3110 vel
369 3055 398 3110 t
445 3054 452 3126 Ι
514 3052 551 3109 4
594 3057 830 3124 grauius
869 3053 954 3110 A⁶
999 3053 1021 3127 Η
1067 3054 1106 3108 6
1151 3055 1531 3110 contemtione
1571 3054 1627 3110 A
1674 3052 1696 3127 ΙΙ
1748 3054 1777 3110 7
1822 3053 2003 3108 iacuit
2044 3054 2101 3108 A
2144 3053 2295 3108 iacet

245 3126 414 3182 Gertz
503 3141 667 3180 nemo
704 3125 888 3196 magis
924 3125 1087 3180 illum
1125 3127 1438 3182 contemnit
1467 3126 1665 3194 Gertz,-
1700 3132 1851 3182 teneo
1881 3125 1999 3182 cod.
2029 3125 2087 3180 A
2121 3126 2291 3194 scrip-

242 3204 431 3254 turam
479 3198 598 3254 coll.
641 3197 775 3254 locis
821 3198 1097 3254 similibus
1145 3198 1281 3253 dial.
1319 3198 1479 3254 VIII
1507 3204 1560 3266 ¹7,
1586 3201 1623 3254 3
1669 3199 1750 3268 (9.
1780 3203 1909 3266 240,
1934 3198 1993 3266 8)
2042 3203 2095 3251 et
2136 3199 2292 3265 epist.

244 3273 337 3336 76,
362 3273 442 3325 26
477 3272 560 3338 (.
589 3272 715 3336 266,
744 3273 817 3324 21
854 3270 954 3338 H.)
935 3269 1021 3342 )Η
1065 3269 1138 3324 10
1172 3268 1324 3324 nich'
1362 3267 1540 3323 habes
1575 3268 1661 3324 A⁸
1695 3268 1875 3324 nichil
1890 3240 2048 3322 31103
2082 3274 2147 3322 ut
2181 3267 2290 3322 vid.

243 3340 330 3396 A²
377 3338 399 3412 ΙΙ
445 3339 484 3394 2
563 3337 929 3404 liberalitatis
969 3345 1026 3396 A
1073 3340 1095 3413 Η
1141 3339 1215 3394 25
1259 3339 1391 3395 filiis
1427 3341 1485 3396 A
1530 3355 1667 3396 corr.
1696 3340 1824 3406 fort.
1854 3357 1924 3395 m.
1955 3344 1988 3393 1
2025 3353 2095 3394 ex
2128 3337 2237 3391 filis
2272 3335 2295 3408 Η

242 3410 317 3466 26
353 3409 737 3484 contulistisl(
737 3427 876 3468 0333.
907 3413 955 3479 3)
935 3413 1040 3479 >A
1081 3411 1104 3484 ΙΙ
1151 3411 1221 3467 27
1257 3411 1437 3466 intuis
1464 3412 1522 3467 A
1556 3411 1671 3465 tuis
1710 3411 1876 3467 Gertz
1918 3408 1939 3482 ΙΙ
1982 3407 2055 3464 28
2091 3407 2291 3462 alienis

245 3483 537 3538 ‘Pinciam‘
568 3487 722 3539 vetus
759 3483 940 3539 lectio’
978 3482 1108 3538 aliis
1137 3484 1194 3538 A
1227 3481 1248 3556 ΙΙ
1283 3482 1356 3538 29
1394 3482 1529 3537 adte
1565 3499 1703 3538 corr.
1732 3500 1802 3538 m
1831 3487 1863 3537 1
1900 3497 1967 3536 ex
2004 3481 2136 3534 ante
2162 3479 2218 3532 A
