2544 3746
176 246 206 296 1

245 86 378 152 314
638 82 698 136 L.
729 80 1014 136 ANNAEI
1051 80 1383 137 SENECAE
1418 79 1606 135 DIAL.
1637 80 1771 135 LIB.
1800 79 1893 137 XI.

422 226 534 293 III.
609 226 984 292 Adiciamus
995 274 1016 309 ‚
1077 226 1133 290 si
1193 226 1291 291 vis
1301 274 1321 309 ,
1384 226 1467 291 ad
1523 224 1640 291 has
1703 226 2021 309 querellas
2083 226 2293 311 ipsius

245 316 671 383 adulescentis
743 317 1165 400 interceptam
1237 316 1407 379 inter
1468 315 1678 399 prima
1738 316 2132 381 incrementa
2195 316 2295 379 in-

246 407 486 473 dolem:
547 404 780 491 dignus
839 404 967 469 fuit
1024 404 1134 469 ille
1193 407 1258 469 te
1316 402 1533 469 fratre.
1621 407 1709 468 tu·
1752 407 1921 469 certe
1967 427 2105 471 eras
2152 404 2294 490 dig-

245 496 576 579 nissimus,
626 494 739 578 qui
783 515 864 558 ne
912 514 992 557 ex
1036 492 1305 579 indigno
1353 493 1613 576 quidem
1651 494 2000 577 quicquam
2039 494 2291 560 doleres

246 586 469 651 fratre:
527 582 818 649 redditur
875 581 974 646 illi
1025 581 1472 648 testimonium
1527 583 1791 665 aequale
1839 583 2129 648 omnium
2173 583 2293 647 ho·
2358 605 2389 646 ε

246 674 523 757 minum3
594 672 990 737 desideratur
1061 672 1130 735 in
1191 675 1381 736 tuum
1442 669 1784 755 honorem,
1854 671 2157 737 laudatur
2218 672 2294 737 in

248 784 455 829 suum.
552 761 719 825 nihil
776 760 846 825 in
900 759 1018 824 illo
1084 759 1238 844 fuit,
1300 759 1476 843 quod
1527 781 1660 824 non
1711 760 1987 826 libenter
2049 759 2295 847 adgno-

247 874 472 918 sceres.
563 853 639 915 tu
714 846 973 933 quidem
1038 849 1234 913 etiam
1296 848 1511 913 minus
1574 848 1746 914 bono
1811 848 1995 915 fratri
2054 847 2293 915 fuisses

247 941 484 1024 bonus,
537 939 648 1005 sed
693 937 765 1002 in
806 937 922 1001 illo
967 938 1173 1023 pietas
1220 942 1335 1003 tua
1378 938 1676 1003 idoneam
1718 942 1909 1003 nacta
1952 939 2293 1004 materiam

249 1029 454 1094 multo
511 1049 579 1092 se
631 1026 896 1092 liberius
952 1027 1252 1093 exercuit.
1344 1047 1535 1092 nemo
1589 1027 1946 1111 potentiam
2000 1028 2137 1093 eius
2195 1028 2293 1092 in-
2334 1050 2388 1090 10

247 1118 415 1183 iuria
460 1116 685 1199 sensit,
729 1136 1084 1199 numquam
1128 1116 1238 1181 ille
1283 1118 1348 1181 te
1385 1114 1649 1181 fratrem
1686 1115 1807 1181 ulli
1842 1116 2125 1181 minatus
2164 1120 2293 1200 est3

248 1206 331 1273 ad
384 1206 752 1289 exemplum
799 1225 867 1269 se
911 1204 1262 1270 modestiae
1306 1207 1457 1269 tuae
1500 1204 1891 1269 formaverat
1936 1204 2295 1291 cogitabat-

251 1318 403 1381 que,
440 1298 753 1380 quantum
789 1296 866 1357 tu
903 1296 969 1359 et
1004 1296 1452 1359 ornamentum
1487 1296 1749 1358 tuorum
1788 1314 1958 1358 esses
1995 1297 2062 1359 et
2098 1316 2294 1359 onus:

251 1384 503 1452 suffecit
546 1384 658 1449 ille
702 1381 856 1447 huic
903 1383 1201 1448 sarcinae.
1296 1404 1335 1447 o
1381 1382 1542 1447 dura
1580 1382 1717 1447 fata
1752 1385 1818 1447 et
1840 1382 2047 1447 nullis
2086 1405 2298 1467 aequa

249 1473 624 1539 virtutibus!
714 1473 1060 1554 antequam
1123 1470 1500 1537 felicitatem
1564 1491 1747 1535 suam
1800 1476 2033 1537 nosset
2093 1471 2298 1536 frater
2336 1492 2388 1534 ιε

249 1565 430 1645 tuus,
483 1563 815 1645 exemptus
870 1564 982 1625 est
1075 1582 1307 1645 parum
1352 1563 1566 1625 autem
1613 1582 1715 1624 me
1759 1560 2084 1646 indignari
2130 1560 2299 1645 sci03

249 1652 416 1717 nihil
488 1654 592 1715 est
647 1648 821 1715 enim
884 1647 1213 1714 difficilius
1281 1670 1475 1732 quam
1538 1670 1774 1735 magno
1839 1648 2047 1714 dolori
2111 1649 2301 1733 paria

249 1739 446 1806 verba
507 1738 800 1823 reperire.
895 1738 1262 1803 etiamnunc
1324 1742 1567 1820 tamen,
1642 1737 1697 1802 si
1761 1737 1917 1821 quid
1980 1738 2299 1823 proficere

178 1846 213 1896 4
248 1850 618 1914 possumus,
674 1847 1166 1914 conqueramur:
1227 1826 1414 1912 ‘quid
1468 1826 1591 1892 tibi
1644 1827 1936 1912 voluisti,
1998 1830 2135 1893 tam
2197 1828 2298 1893 in-

249 1920 420 1983 iusta
456 1922 520 1982 et
555 1922 690 1982 tam
726 1917 1010 1983 violenta
1044 1916 1350 1982 fortuna?
1422 1920 1556 1981 tam
1594 1915 1724 1981 cito
1760 1919 1826 1982 te
1852 1916 2300 2003 indulgentiae
2335 1937 2389 1978 zo

249 2011 399 2072 tuae
472 2005 835 2090 paenituit?
927 2028 1090 2090 quae
1153 2007 1279 2070 ista
1342 2005 1685 2070 crudelitas
1749 2008 1850 2070 est
1912 2006 1982 2069 in
2043 2005 2298 2071 medios

250 2097 477 2161 fratres
532 2096 845 2178 impetum
899 2095 1106 2160 facere
1163 2098 1227 2159 et
1271 2097 1405 2160 tam
1452 2097 1718 2159 cruenta
1760 2095 1989 2179 rapina
2033 2117 2301 2161 concor-

251 2184 581 2250 dissimam
625 2184 882 2249 turbam
929 2183 1337 2266 imminuere,
1380 2186 1515 2247 tam
1560 2183 1721 2248 bene
1770 2184 2075 2267 stipatam
2123 2184 2301 2268 opti-

250 2295 505 2339 morum
551 2272 1055 2339 adulescentium
1103 2271 1397 2355 domum,
1440 2272 1510 2335 in
1553 2271 1736 2336 nullo
1781 2271 1979 2337 fratre
2027 2273 2299 2357 degene-

249 2367 498 2428 rantem
508 2409 528 2444 ,
580 2362 839 2427 turbare
886 2366 952 2427 et
997 2362 1133 2427 sine
1178 2361 1315 2428 ulla
1359 2381 1554 2426 causa
1599 2360 1879 2426 delibare
1924 2360 2300 2446 [voluisti]‘?
2338 2380 2391 2421 πε

179 2466 213 2517 6
248 2451 417 2516 nihil
461 2471 614 2536 ergo
661 2450 925 2535 prodest
969 2450 1349 2515 innocentia.
1384 2448 1464 2513 ad
1512 2471 1769 2514 omnem
1805 2450 2015 2536 legem
2052 2454 2301 2534 exacta,

249 2540 416 2605 nihil
506 2539 772 2622 antiqua
861 2538 1226 2624 frugalitas,
1325 2537 1494 2602 nihil
1581 2537 1912 2603 felicitatis
2005 2560 2301 2604 summae

427 2730 465 2784 3
500 2730 676 2785 fratre
718 2731 764 2786 O
808 2731 986 2784 frater
1026 2729 1188 2785 Gertz
1230 2728 1252 2800 ΙΙ
1296 2728 1331 2782 4
1366 2744 1437 2782 ne
1473 2729 1607 2784 DE
1641 2729 1877 2800 Bentley
1920 2745 2026 2784 nec
2063 2730 2120 2784 Β
2134 2729 2254 2784 GV
2289 2729 2299 2802 Ι

250 2801 486 2870 indigno
528 2800 646 2856 GV
671 2801 807 2872 volq.
847 2801 1021 2872 digno
1063 2800 1110 2856 O
1142 2800 1165 2872 ΙΙ
1208 2800 1282 2854 13
1316 2801 1381 2852 tu
1418 2801 1477 2854 et
1503 2800 1639 2855 DE
1670 2802 1729 2854 et
1754 2800 1951 2855 BHG
1985 2800 2007 2872 ΙΙ
2040 2798 2115 2854 14
2150 2816 2305 2868 equa

251 2873 390 2927 BH
430 2870 576 2926 bene
627 2887 775 2940 equa
814 2873 950 2927 DE
999 2870 1163 2938 (bene
1213 2873 1278 2925 in
1322 2871 1456 2925 aliis
1499 2871 1777 2925 codicibus
1811 2871 1942 2940 post
1986 2871 2303 2939 antequam

251 2944 480 3013 leyitur;
515 2943 617 3009 cfr.
647 2943 953 2998 Rossbach.-
997 2943 1065 2996 de
1105 2941 1228 2996 Sen.
1269 2943 1454 2996 libror.
1491 2945 1798 2996 recensione
1833 2948 1886 2996 et
1920 2942 2305 2996 emendatione

242 3029 304 3082 p.
336 3019 404 3066 11
413 3015 513 3082 sq.)
562 3011 812 3082 benigna
853 3013 1125 3068 Schultess
1171 3011 1193 3083 11
1242 3011 1314 3066 18
1357 3011 1603 3080 reperire
1644 3013 1701 3066 B
1749 3012 2057 3080 rependere
2100 3012 2305 3066 ΒΕΘ

251 3083 660 3151 reprehendere
689 3083 764 3138 H.
793 3084 800 3154 Ι
843 3084 1168 3137 etiamnunc
1198 3084 1393 3137 Haase
1427 3082 1544 3135 iam
1572 3099 1722 3137 nunc
1757 3083 1803 3138 0
1836 3083 1866 3206 q
1890 3081 1961 3136 20
1999 3083 2115 3136 cito
2151 3083 2210 3137 te
2237 3083 2303 3136 Β

251 3155 310 3208 te
357 3163 458 3208 om.
499 3154 548 3209 G
591 3153 611 3224 ΙΙ
658 3153 729 3208 21
778 3154 888 3220 est,
933 3155 994 3207 in
1039 3152 1256 3209 medios
1295 3195 1307 3207 .
1340 3195 1351 3207 .
1385 3195 1396 3206 .
1445 3152 1698 3208 delibare
1746 3153 1842 3224 [uo
1866 3152 2065 3225 uisti]?
2116 3153 2305 3221 Gertz,

251 3222 483 3278 voluisti
537 3226 740 3280 inscita
787 3225 1205 3293 interpolatione
1254 3225 1331 3280 ad
1378 3225 1684 3292 infinitivos
1731 3225 1993 3296 reyendos
2042 3225 2303 3280 additum

255 3312 364 3350 cese
400 3295 702 3351 arbitratus
751 3297 872 3350 est?
927 3297 987 3350 in
1023 3296 1239 3350 medios
1280 3340 1291 3351 .
1325 3341 1335 3350 .
1368 3340 1379 3351 .
1421 3295 1675 3352 delibare
1708 3297 1979 3351 uoluisti?
2022 3297 2069 3353 O
2103 3297 2240 3368 volq.
2280 3301 2305 3370 ΙΙ

253 3364 326 3419 23
360 3367 480 3418 tam
507 3365 652 3420 bene
678 3368 734 3420 Β
771 3367 1004 3421 tandem
1034 3368 1144 3423 OG
1180 3369 1346 3423 latere
1382 3370 1501 3422 tam
1531 3369 1703 3424 dense
1733 3373 2047 3438 suspicatur
2078 3369 2242 3425 Gertz
2278 3377 2303 3430 ΙΙ

253 3434 327 3488 25
361 3433 591 3489 turbare
619 3438 675 3490 Β
688 3438 758 3491 H
785 3437 1119 3507 proturbare
1147 3441 1208 3494 D
1243 3438 1578 3508 perturbare
1606 3441 1669 3494 E
