2544 3746
142 1054 192 1095 10

36 1510 45 1520 ’
138 1498 191 1539 15

433 84 533 139 AD
571 83 960 139 PAVLINVM
996 84 1095 138 DE
1132 83 1554 139 BREVITATE
1582 82 1806 139 VITAE
1846 83 1997 140 CAP.
2028 91 2060 139 2
2145 88 2271 153 281

235 231 347 297 sed
399 234 658 315 tempus
713 234 826 297 est.
917 235 1155 317 urgent
1209 234 1276 295 et
1328 230 1749 296 circumstant
1792 230 1952 295 vitia
1995 230 2278 315 undique
2316 247 2347 295 3

230 341 354 385 nec
409 340 743 407 resurgere
803 323 917 385 aut
973 319 1044 384 in
1105 320 1465 405 dispectum
1525 320 1661 385 veri
1716 320 2010 385 attollere
2056 321 2277 386 oculos

232 409 483 493 sinunt,
529 413 627 475 set
670 409 984 475 inmersos
1023 412 1090 475 et
1117 410 1193 474 'in
1231 409 1651 493 cupiditatem
1686 409 1921 477 infixos
1959 413 2275 494 premunt.

231 520 588 583 numquam
633 498 762 565 illis
809 519 1133 567 recurrere
1179 497 1260 563 ad
1308 520 1376 564 se
1419 499 1602 583 licet3
1656 498 1713 563 si
1759 498 2016 583 quando
2063 499 2281 583 aliqua

230 587 504 654 fortuito
554 587 734 671 quies
781 588 1083 673 contigit,
1129 588 1311 653 velut
1354 588 1751 673 profundum
1797 610 1996 672 mare,
2042 588 2112 652 in
2150 609 2277 671 quo

230 682 386 762 post
428 681 694 742 ventum
738 699 995 761 quoque
1034 677 1348 742 volutatio
1388 680 1512 761 est,
1558 677 1955 743 fluctuantur
1989 700 2108 743 nec
2143 699 2279 742 um-

233 788 428 852 quam
487 766 618 833 illis
682 790 721 831 a
785 766 1248 851 cupiditatibus
1310 766 1442 832 suis
1509 767 1714 832 otium
1775 770 1919 831 stat.
2014 767 2091 832 de
2137 767 2278 831 istis
2316 784 2349 831 4

232 877 336 920 me
373 859 563 940 putas
601 855 839 940 dicere,
879 878 1154 940 quorum
1192 856 1261 920 in
1300 856 1596 927 confesso
1628 856 1798 922 mala
1825 855 2019 922 sunt?
2065 856 2279 940 aspice

230 945 408 1029 illos,
473 946 554 1009 ad
621 966 895 1029 quorum
959 945 1338 1011 felicitatem
1402 947 1833 1011 concurritur:
1897 945 2084 1011 bonis
2147 945 2278 1011 suis

233 1034 612 1099 offocantur.
707 1056 899 1117 quam
960 1035 1185 1100 multis
1233 1034 1495 1100 divitiae
1541 1056 1767 1121 graves
1814 1036 1991 1099 sunt!
2084 1056 2278 1118 quam

233 1124 590 1189 multorum
645 1124 1016 1207 eloquentia
1051 1124 1098 1209 †
1134 1128 1199 1190 et
1254 1124 1580 1189 cotidiana
1626 1123 1992 1190 ostentandi
2036 1123 2281 1209 ingenii

233 1214 445 1297 spatio
492 1213 872 1299 sanguinem
917 1213 1158 1279 educit!
1232 1235 1428 1297 quam
1469 1214 1663 1278 multi
1696 1212 2018 1289 continuis
2055 1214 2281 1296 volup-

233 1302 474 1368 tatibus
547 1302 821 1386 pallent!
932 1324 1125 1387 quam
1198 1302 1421 1367 multis
1493 1302 1661 1367 nihil
1721 1302 1911 1368 liberi
1974 1301 2281 1385 relinquit

234 1390 661 1457 circumfusus
723 1392 1059 1457 clientium
1118 1390 1427 1476 populus!
1520 1390 1727 1457 omnis
1788 1390 2064 1474 denique
2118 1390 2278 1456 istos

234 1481 318 1545 ab
364 1480 604 1545 infimis
650 1501 856 1563 usque
901 1479 983 1544 ad
1031 1502 1318 1546 summos
1357 1502 1641 1566 pererra:
1685 1480 1793 1545 hic
1830 1481 2126 1563 advocat,
2170 1479 2279 1544 hic

234 1568 443 1652 adest,
488 1569 598 1634 ille
639 1569 1067 1654 periclitatur,
1113 1570 1225 1634 ille
1274 1568 1586 1653 defendit,
1630 1567 1739 1634 ille
1774 1569 2044 1652 iudicat,
2089 1590 2278 1633 nemo

235 1679 303 1723 se
333 1658 459 1723 sibi
484 1658 800 1742 vindieat,
835 1659 999 1724 alius
1029 1660 1098 1723 in
1125 1659 1327 1723 alium
1357 1658 1773 1724 consumitur.
1848 1659 2175 1744 interroga
2202 1658 2279 1722 de

231 1818 297 1871 in
325 1816 381 1870 A
417 1816 498 1873 sic
531 1816 770 1871 tradita:
807 1816 1013 1886 exigua
1049 1832 1185 1886 pars
1222 1818 1310 1870 est
1343 1816 1501 1871 uitae
1505 1816 1671 1890 ssqua
1709 1818 1865 1887 (corr.
1895 1834 1964 1871 m.
1994 1820 2033 1871 2
2062 1832 2130 1871 ex
2154 1816 2279 1869 uita

231 1889 402 1957 equa)
457 1888 731 1954 uiuimus,
787 1905 910 1942 eum
963 1906 1178 1943 versu-m
1232 1905 1348 1943 uon
1401 1890 1673 1956 efficiant,
1729 1895 1829 1943 aut
1881 1891 1945 1943 iu
1998 1890 2280 1943 senarium

229 1959 490 2014 videntur
523 1960 793 2014 mutanda
831 1975 965 2024 esse,
1001 1967 1066 2014 ut
1099 1960 1232 2025 fecit
1259 1959 1453 2014 Gertz:
1491 1960 1697 2028 exigua
1732 1959 1885 2014 vitae
1920 1975 2053 2029 pars
2092 1975 2161 2013 ea
2193 1961 2280 2012 est

232 2045 410 2098 quam
456 2029 720 2096 vivimus,
771 2036 874 2084 aut
921 2031 1181 2085 Senecam
1229 2031 1363 2084 haec
1410 2031 1578 2084 verba
1628 2047 1656 2084 e
1701 2033 1917 2086 cantico
1966 2048 2004 2085 a
2047 2032 2281 2101 rythmis

231 2103 570 2174 trayicorum
605 2102 985 2157 Romanorum
1023 2102 1206 2168 alieno
1241 2108 1463 2171 sumpta
1493 2118 1665 2171 prosa
1699 2104 1944 2157 oratione
1980 2102 2280 2157 reddidisse

231 2172 662 2228 existimandum
711 2178 813 2239 est,
864 2179 930 2227 ut
969 2174 1264 2242 proposuit
1312 2174 1383 2234 A.
1428 2173 1493 2227 de
1536 2174 1691 2228 Mese
1740 2190 1876 2228 mue.
1924 2174 2071 2228 rheu.
2120 2173 2284 2227 LIII

234 2247 415 2313 (1898)
445 2261 506 2314 p.
536 2247 658 2298 484.
716 2243 862 2312 quod
895 2244 1027 2298 inde
1055 2262 1091 2298 a
1121 2245 1359 2300 Curione
1390 2261 1560 2312 usque
1588 2245 1665 2298 ad
1692 2244 1967 2299 Kochium
1994 2244 2280 2298 edebatwr:

233 2315 444 2385 exigua
492 2331 626 2384 pars
677 2317 764 2370 est
811 2314 963 2369 vitae
1001 2331 1173 2383 quam
1219 2319 1356 2385 (qua
1394 2317 1607 2385 Haase)
1644 2331 1746 2369 nos
1782 2315 2019 2370 vivimus
2049 2316 2281 2384 probari

231 2388 438 2454 nequit.
511 2387 635 2457 qu
680 2393 743 2441 ut
787 2388 851 2441 iu
893 2403 954 2441 re
999 2387 1297 2442 admodum
1342 2389 1554 2441 incerta
1590 2404 1628 2441 a
1664 2388 1863 2442 litteris
1907 2387 2130 2441 traditis
2166 2403 2281 2440 non

231 2457 423 2512 recedo
471 2456 491 2528 ΙΙ
540 2456 572 2511 1
619 2461 825 2528 urgent
869 2459 928 2511 et
969 2458 1208 2528 Madviy
1251 2460 1518 2527 urgentes
1555 2459 1611 2513 A
1656 2460 1863 2528 urgent
1908 2474 2001 2512 eos
2037 2459 2279 2511 eircum-

234 2527 451 2582 stantia
478 2527 619 2582 vitia
645 2529 807 2584 malit
836 2529 998 2584 Gertz
1033 2528 1054 2600 Η
1088 2528 1124 2582 2
1151 2529 1543 2598 indespectum
1571 2530 1627 2584 A
1660 2545 1798 2584 corr.
1826 2530 1963 2599 voly.
2001 2528 2021 2601 Η
2055 2528 2092 2583 3
2119 2528 2219 2584 sed
2246 2540 2281 2582 ς

236 2599 283 2654 St
312 2599 367 2654 A
401 2598 408 2669 Ι
433 2602 674 2653 'imersos
703 2617 770 2655 ex
797 2612 832 2654 ς·
861 2600 1028 2655 Gertz
1064 2616 1307 2654 emersos
1336 2600 1392 2654 A
1422 2600 1702 2656 demersos
1726 2601 1970 2670 -Madviy
1995 2599 2015 2672 ΙΙ
2042 2599 2077 2653 5
2102 2599 2275 2671 uelut}

233 2668 518 2740 profundo
554 2671 700 2724 mari
726 2671 783 2726 A
820 2687 958 2726 corr.
993 2671 1156 2726 Gertz
1189 2671 1210 2743 11
1244 2671 1282 2725 6
1309 2670 1615 2724 fluctuatur
1640 2673 1697 2727 A
1735 2687 1871 2726 corr.
1900 2671 2037 2740 voly.
2066 2670 2087 2743 Η
2125 2671 2154 2725 ’2
2186 2686 2280 2724 cu-

235 2739 538 2810 piditatib3
576 2742 666 2796 uis
703 2747 758 2796 A
803 2758 939 2798 corr.
979 2743 1115 2812 voly.
1167 2743 1174 2814 Ι
1231 2744 1349 2796 stat
1386 2742 1625 2812 Madvig]
1661 2745 1750 2796 sta
1778 2741 1862 2797 A¹
1896 2743 1991 2796 sed
2026 2749 2154 2796 ante
2190 2744 2280 2795 sta

228 2819 424 2882 postea
459 2813 481 2865 i
527 2813 725 2868 addita
769 2820 871 2879 est,
923 2813 1118 2868 deiude
1166 2829 1342 2882 supra
1378 2828 1413 2866 a
1449 2813 1533 2868 A⁶
1560 2814 1672 2870 litt.
1710 2815 1737 2866 t
1780 2820 1844 2868 ut
1881 2813 1991 2869 vid.
2029 2814 2251 2881 scripsit
2258 2833 2280 2878 ;

236 2884 412 2939 voluit
437 2891 707 2939 corrector
731 2885 850 2939 siue
877 2883 1045 2939 dubio
1073 2885 1252 2938 instat
1280 2886 1407 2954 leyi,
1434 2890 1499 2938 ut
1524 2885 1588 2938 in
1613 2896 1648 2938 ς
1676 2890 1755 2939 est
1778 2884 1797 2956 Η
1824 2884 1859 2939 8
1879 2883 2093 2953 discere
2113 2883 2278 2952 A²(?)

238 2953 517 3009 discerere
545 2955 630 3009 A*
666 2955 940 3010 disserere
974 2955 1112 3025 volq.
1151 2957 1168 3006 i!
1213 2953 1250 3008 9
1288 2955 1639 3016 concurritur
1670 2957 1808 3026 voly.
1848 2957 2071 3009 ccurrfit
2097 2953 2182 3010 A⁶
2216 2956 2281 3009 iu

236 3043 348 3080 rae.
386 3026 450 3080 im
483 3026 592 3092 fine
620 3028 868 3096 payinae
909 3025 930 3098 ΙΙ
976 3024 1047 3080 10
1085 3025 1401 3081 offocantur
1436 3043 1505 3081 ex
1540 3038 1575 3080 ς
1616 3026 1848 3096 G-eorqes
1883 3025 2196 3080 effoeantur
2222 3026 2279 3081 A

227 3095 374 3152 suff·
414 3095 619 3151 Gruter
647 3096 686 3222 Β
728 3096 796 3151 11
835 3096 1159 3164 eloquentia
1197 3097 1244 3150 85
1263 3099 1331 3167 (?)
1378 3097 1667 3150 cotidiana
1704 3097 2027 3152 ostentandi
2062 3095 2279 3166 ingenii

239 3166 428 3235 spatio
477 3173 544 3221 ut
588 3169 646 3222 vi
687 3210 700 3224 .
743 3167 828 3223 A²
875 3168 969 3223 sed
1017 3169 1262 3223 radendo
1312 3174 1583 3222 mutatum
1633 3175 1711 3223 est
1752 3171 1843 3222 iu:
1893 3166 2283 3238 eloquentiam

239 3237 529 3292 cotidiano
575 3240 680 3292 ost.
722 3238 837 3308 ing.
882 3238 1068 3306 spatio
1113 3245 1178 3293 ut
1220 3239 1375 3308 volyo
1415 3239 1610 3294 editur.
1670 3256 1780 3308 pro
1826 3239 2011 3308 spatio
2048 3240 2281 3308 Lipsius

237 3308 429 3364 studio
460 3309 666 3365 Madvi
735 3309 960 3370 servitio
998 3312 1138 3366 coni.
1205 3313 1262 3365 et
1304 3309 1591 3367 cotidiana
1630 3328 1677 3365 o.
1707 3311 2075 3382 i.voccupatio
2118 3310 2279 3366 Gertz

238 3399 320 3436 au
354 3381 626 3436 iactatio?
663 3327 699 3453 fl]
728 3380 800 3436 15
835 3384 1088 3452 pererrat
1117 3385 1172 3437 A
1208 3399 1345 3437 corr.
1381 3382 1517 3452 τοῖς.
1556 3382 1576 3454 ΙΙ
1619 3382 1687 3437 17
1728 3381 1838 3438 sibi
1875 3383 1933 3453 (b
1970 3400 2105 3438 corr.
2138 3399 2205 3437 ex
2240 3399 2279 3434 u

237 3471 308 3509 m.
337 3455 396 3522 2)
424 3454 480 3508 A
507 3453 530 3525 ΔΙ
573 3452 718 3508 alius
755 3453 892 3524 volq.
931 3453 1078 3507 aliut
1104 3453 1187 3508 A¹
1225 3452 1382 3507 aliud
1412 3453 1495 3509 A²
