2544 3746
999 599 1771 684 PRAEFATIO.

543 760 730 844 Novi
755 780 1007 844 subsidii
1033 783 1227 842 critici
1255 783 1334 844 ad
1365 781 1761 842 emendandos
1794 781 1862 842 L.
1880 782 2116 842 Annaei
2144 781 2401 842 Senecae

364 873 472 950 qui
507 873 786 932 feruntur
821 871 1095 950 dialogos
1132 871 1285 930 nihil
1325 871 1534 931 afferoz
1570 891 1761 949 neque
1798 873 1958 932 enim
1992 874 2135 932 novi
2172 872 2401 932 codices

360 963 429 1021 in
473 963 668 1022 lucem
712 980 902 1039 nuper
947 963 1243 1038 protracti
1289 963 1459 1038 sunt,
1503 981 1652 1039 quos
1699 961 1963 1021 conferre
2010 980 2223 1038 operae
2268 982 2399 1039 pre·

365 1052 519 1112 tium
565 1053 738 1127 esset,
783 1069 890 1111 nec
937 1051 1156 1112 codicis
1193 1051 1595 1127 Ambrosiani,
1641 1071 1819 1128 quem
1854 1051 2186 1129 principem
2222 1051 2400 1110 facile

360 1142 428 1200 in
485 1141 579 1201 his
637 1140 807 1200 libris
867 1141 1069 1201 locum
1126 1143 1190 1200 et
1247 1143 1447 1200 aetate
1506 1143 1569 1200 et
1624 1140 1892 1200 bonitate
1954 1140 2220 1200 obtinere
2283 1140 2401 1200 viri

363 1230 528 1290 docti
573 1231 978 1305 consentiunt,
1024 1249 1182 1290 nova
1228 1230 1471 1290 collatio
1517 1231 1851 1290 necessaria
1897 1247 2035 1290 esse·
2067 1229 2399 1290 videbatur.

363 1321 536 1380 cuius
592 1319 813 1380 codicis
881 1338 1020 1379 cum
1072 1321 1212 1395 post
1269 1318 1617 1378 Fickertum
1672 1318 1824 1379 duae
1884 1318 2159 1396 deinceps
2219 1319 2401 1379 oolla-

361 1410 558 1470 tiones
594 1409 934 1486 prodissent
968 1407 1224 1468 invicem
1253 1427 1315 1469 se
1345 1409 1689 1486 supplentes
1718 1411 1901 1486 atque
1929 1407 2400 1486 comprobantes,
2470 1440 2474 1445 ·

364 1518 620 1574 quarum
667 1499 920 1558 alteram
965 1499 1149 1574 certe,
1195 1496 1578 1558 Gertzianam
1622 1497 1783 1573 dice,
1837 1501 2012 1558 tanta
2068 1517 2203 1558 cum
2256 1517 2400 1558 cura

364 1602 434 1647 ac
494 1585 812 1667 diligentia
876 1588 1209 1647 confectam
1274 1606 1401 1648 esse
1461 1590 1739 1664 apparet,
1803 1589 1873 1647 ut
1930 1587 2102 1648 nulla
2155 1588 2279 1647 fere
2326 1587 2397 1646 de

361 1676 720 1738 lectionibus
775 1677 902 1736 eius
957 1676 1256 1736 dubitatio
1312 1677 1587 1752 exsistat,
1642 1676 2027 1753 supersedere
2079 1677 2231 1736 mihi
2270 1678 2398 1736 iam

361 1784 536 1842 posse
598 1765 848 1826 videbar
907 1765 1101 1825 denuo
1162 1784 1300 1824 eum
1364 1768 1664 1842 excutere,
1734 1765 1798 1825 id
1863 1767 2028 1842 quod
2088 1785 2207 1826 non
2270 1765 2399 1826 sine

360 1855 600 1935 magnis
645 1854 1102 1916 difficultatibus
1148 1855 1280 1915 fieri
1323 1873 1497 1932 posse
1548 1854 1986 1934 intellegebam.
2076 1856 2281 1933 itaque
2337 1859 2399 1916 et

361 1964 462 2006 eas
508 1946 818 2021 lectiones,
866 1963 1011 2022 quas
1055 1944 1121 2003 in
1157 1948 1456 2022 apparatu
1493 1945 1700 2006 critico
1738 1944 1945 2021 attuli,
1992 1948 2055 2018 et
2098 1965 2195 2021 ea,
2243 1965 2395 2022 quae

361 2033 436 2095 de
489 2036 622 2112 ipso
679 2033 877 2094 codice
932 2035 1182 2111 eiusque
1235 2034 1666 2095 correctoribus
1720 2034 1818 2094 hic
1876 2035 1999 2095 iam
2044 2035 2399 2112 proferenda

360 2126 528 2199 sunt,
583 2144 615 2184 e
660 2125 1086 2185 commentario
1133 2142 1271 2183 cum
1325 2123 1542 2184 Kochii
1588 2126 1717 2183 tum
1767 2122 1991 2184 Gertzii
2045 2124 2397 2201 deprompta

361 2231 488 2273 esse
533 2230 704 2273 scias,

542 2300 740 2362 Codex
775 2300 1206 2362 Ambrosianus
1245 2294 1381 2383 (A),
1429 2302 1534 2379 qui
1568 2300 1896 2362 Mediolani
1930 2302 1995 2361 in
2036 2302 2397 2362 bibliotheca

361 2390 760 2451 Ambrosiana
785 2392 1008 2451 litteris
1039 2390 1084 2450 C
1111 2396 1182 2450 n⁰
1214 2393 1300 2450 90
1328 2393 1484 2468 part.
1502 2391 1610 2450 inf.
1629 2390 1951 2470 insignitus
1977 2390 2153 2451 hodie
2182 2395 2397 2466 exstat,

357 2479 848 2541 membranaceus
885 2484 978 2541 est
1012 2479 1146 2539 folii
1181 2479 1455 2557 minoris,
1498 2481 1579 2540 88
1617 2480 1765 2540 folia
1802 2482 2139 2556 continens,
2180 2480 2395 2557 quibus

360 2568 483 2629 duo
528 2588 650 2629 non
695 2569 772 2630 ad
817 2571 1021 2647 ipsum
1065 2569 1330 2629 codicem
1374 2568 1735 2646 pertinentia
1779 2570 2043 2647 praefixa
2087 2573 2244 2630 sunt.
2331 2571 2395 2629 in

358 2657 455 2718 his
502 2658 732 2719 duobus
779 2658 944 2719 foliis
989 2658 1276 2737 leguntur
1321 2660 1617 2735 quaedam
1668 2660 2017 2720 recentioris
2075 2659 2395 2719 memoriae

361 2766 400 2806 a
443 2746 915 2807 bibliothecariis
961 2746 1210 2824 scripta,
1267 2767 1299 2806 e
1346 2748 1563 2824 quibus
1611 2749 1890 2827 colligere
1944 2749 2085 2809 licet
2134 2748 2395 2808 codicem

359 2836 508 2895 olim
549 2836 614 2895 in
657 2818 1021 2896 bibliotheca
1064 2837 1417 2916 monasterii
1453 2837 1982 2898 Montecasinensis
2025 2840 2394 2897 asservatum

359 2943 520 2984 anno
571 2926 761 3000 1583,
814 2926 1013 2985 nescio
1067 2943 1189 3002 quo
1245 2944 1415 3001 casu,
1459 2927 1522 2985 in
1570 2921 1841 2986 ‘Antonii
1892 2926 2195 2986 Francisci
2239 2928 2395 2987 Nea·

357 3014 589 3091 politae
645 3013 972 3074 Caraccioli
1029 3012 1216 3074 Siculi
1270 3017 1332 3075 et
1376 3010 1724 3075 amicorum'
1768 3017 2138 3093 possessione
2194 3016 2395 3091 fuisse,

358 3121 519 3162 anno
566 3102 778 3163 deinde
826 3104 998 3163 1603
1046 3102 1315 3163 Federici
1358 3104 1709 3164 Borromaei
1746 3104 2081 3164 Cardinalis
2118 3105 2291 3165 iussu
2330 3104 2396 3163 in

304 3255 312 3261 ,
357 3191 782 3253 bibliothecam
827 3191 1289 3252 Ambrosianum
1334 3194 1574 3253 illatum
1618 3212 1762 3255 esse.
1835 3194 1899 3252 in
1935 3193 2127 3270 ipsius
2174 3194 2393 3254 codicis

358 3280 498 3341 folii
538 3282 719 3358 primi
765 3281 990 3361 pagina
1037 3279 1293 3341 secunda
1338 3281 1676 3343 uncialibus
1719 3282 1937 3342 litteris
1980 3284 2166 3342 minio
2203 3283 2393 3343 nitide

359 3370 620 3431 exaratis
665 3371 842 3431 index
887 3390 1094 3431 eorum
1137 3369 1428 3431 librorum
1475 3371 1756 3447 Senecae,
1811 3388 1959 3447 quos
2016 3370 2198 3437 codex
2258 3390 2394 3430 con-

2504 3460 2511 3529 1'
