2544 3746
215 94 346 160 348
600 90 661 145 L.
689 90 976 146 ANNAEI
1012 88 1345 147 SENECAE
1381 90 1573 153 DIAL.
1600 90 1737 147 LIB.
1765 90 1886 148 XII.

214 242 531 303 terrarum
594 237 809 303 hiatus
873 240 986 302 aut
1051 237 1270 321 aliqua
1332 236 1738 303 intoleranda
1799 236 2079 305 infelicis
2144 238 2268 303 soli

213 328 376 394 vitia
421 328 773 410 eiecerunt3
819 327 1135 411 quosdam
1179 326 1413 400 fertilis
1461 348 1611 392 orae
1658 330 1722 391 et
1767 326 1839 391 in
1881 330 2089 393 maius
2135 328 2268 392 lau-

215 417 401 483 datae
445 418 619 483 fama
664 416 986 501 conrupit.
1077 416 1240 481 alios
1290 416 1418 482 alia
1462 438 1658 484 causa
1693 416 1935 483 excivit
1970 418 2267 483 domibus

143 525 176 574 5
213 507 375 574 suis:
433 507 598 572 illud
655 506 882 591 utique
941 506 1358 571 manifestum
1417 510 1540 591 est,
1608 506 1777 572 nihil
1834 506 2061 572 eodem
2120 508 2267 573 loco

213 596 550 680 mansisse,
606 617 735 680 quo
790 596 1085 682 genitum
1141 597 1254 659 est.
1348 595 1654 662 adsiduus
1702 595 1955 683 generis
2001 596 2270 662 humani
2330 616 2353 656 5

213 686 539 754 discursus
586 688 712 769 est3
771 685 1008 751 cotidie
1054 684 1301 767 aliquid
1320 686 1420 761 ‚in
1464 690 1600 751 tam
1646 707 1883 771 magno
1932 685 2085 750 orbe
2132 708 2270 752 mu-

210 779 412 841 tatur:
469 796 641 839 nova
695 774 952 840 urbium
1006 773 1429 840 fundamenta
1482 776 1832 859 iaciuntur,
1891 796 2063 840 nova
2117 798 2270 861 gen·

211 866 374 930 tium
438 864 704 931 nomina
769 864 1070 930 extinctis
1133 864 1461 948 prioribus
1525 868 1638 929 aut
1700 866 1772 930 in
1835 864 2271 949 accessionem

209 953 542 1020 validioris
598 954 924 1020 conversis
982 954 1296 1019 oriuntur.
1391 975 1611 1019 omnes
1667 958 1883 1020 autem
1937 953 2100 1019 istae
2156 975 2272 1038 po-
2485 986 2486 1029 ;

210 1044 516 1128 pulcrum
561 1073 576 1080 ·
597 1042 1178 1129 transportationes
1253 1041 1412 1127 quid
1484 1042 1662 1107 aliud
1736 1055 1932 1128 quam
2001 1043 2273 1129 publica
2307 1063 2355 1103 10
2484 1044 2486 1123 ᾖ

140 1148 172 1197 6
211 1132 405 1198 exilia
450 1132 646 1199 sunt?
716 1131 874 1217 quid
914 1134 978 1197 te
1015 1136 1152 1198 tam
1186 1132 1389 1218 longo
1428 1130 1771 1198 circumitu
1805 1132 2039 1198 traho?
2112 1132 2271 1217 quid

210 1222 478 1289 interest
542 1244 915 1289 enumerare
979 1219 1379 1296 Antenorem
1441 1220 1671 1287 Patavi
1736 1222 2139 1289 conditorem
2204 1226 2271 1287 et

209 1311 588 1379 Euandrum
624 1311 696 1377 in
729 1312 874 1397 ripa
900 1310 1150 1376 Tiberis
1189 1332 1393 1397 regna
1419 1309 1747 1377 Arcadum
1775 1311 2271 1377 conlocantem?

212 1402 370 1487 quid
405 1401 766 1468 Diomeden
811 1401 1132 1485 aliosque,
1178 1421 1341 1484 quos
1379 1399 1734 1466 Troianum
1778 1401 2022 1466 bellum
2058 1401 2270 1467 victos

140 1506 170 1554 7
210 1492 407 1558 simul
460 1491 868 1574 victoresque
926 1511 1042 1575 per
1107 1490 1351 1555 alienas
1407 1492 1608 1555 terras
1665 1489 2050 1575 dissipavit?
2141 1489 2271 1555 Ro·
2306 1508 2354 1549 ιι

209 1602 472 1646 manum
546 1580 892 1663 imperium
961 1601 1198 1664 nempe
1271 1582 1601 1645 auctorem
1666 1580 1921 1645 exulem
1981 1579 2271 1664 respicit,

210 1691 401 1754 quem
461 1670 817 1755 profugum
882 1672 1074 1755 capta
1135 1669 1378 1753 patria,
1445 1669 1711 1755 exiguas
1775 1670 2081 1754 reliquias
2142 1672 2272 1734 tra·

208 1759 493 1825 hentem·
535 1760 884 1827 necessitas
949 1761 1015 1823 et
1066 1758 1336 1824 victoris
1390 1763 1606 1824 metus
1655 1759 2019 1845 longinqua
2078 1780 2271 1843 quae-

207 1852 456 1915 rentem
520 1849 592 1915 in
643 1846 900 1914 Italiam
967 1848 1215 1913 detulit.
1308 1848 1417 1914 hic
1479 1847 1709 1914 deinde
1763 1849 2046 1934 populus
2106 1853 2273 1934 quot

173 1962 176 1967 ‘
207 1939 497 2004 colonias
543 1939 614 2003 in
660 1958 918 2003 omnem
952 1937 1359 2022 provinciam
1396 1939 1601 2004 misit!
1682 1938 2073 2022 ubicumque
2108 1939 2273 2004 vicit
2305 1959 2355 2000 zo

208 2026 567 2112 Romanus,
622 2027 890 2092 habitat.
983 2025 1062 2092 ad
1119 2026 1290 2093 hanc
1344 2029 1917 2092 commutationem
1970 2029 2271 2093 locorum

205 2117 480 2184 libentes
525 2117 793 2182 nomina
836 2116 1077 2182 dabant
1123 2120 1188 2182 et
1221 2115 1466 2183 relictis
1503 2116 1632 2182 aris
1670 2117 1803 2183 suis
1845 2120 2025 2182 trans
2062 2118 2273 2182 maria

136 2227 170 2277 8
209 2206 594 2291 sequebatur
653 2207 922 2272 colonos
979 2227 1188 2272 senex.
1293 2228 1396 2271 res
1453 2206 1713 2290 quidem
1760 2228 1897 2272 non
1948 2205 2272 2272 desiderat

207 2295 495 2380 plurium
555 2296 1131 2380 enumerationem3
1190 2317 1396 2361 unum
1449 2299 1671 2362 tamen
1724 2296 2027 2381 adiciam,
2090 2297 2271 2380 quod

206 2386 277 2449 in
322 2385 546 2452 oculos
597 2407 666 2451 se
712 2385 977 2472 ingerit:
1022 2384 1184 2450 haec
1227 2384 1372 2470 ipsa
1416 2384 1631 2451 insula
1667 2407 1857 2470 saepe
1893 2387 2023 2451 iam
2060 2387 2270 2458 culto—
2306 2405 2356 2448 ιε

206 2495 308 2540 res
380 2475 673 2540 mutavit.
765 2478 842 2540 ut
913 2473 1308 2558 antiquiora,
1384 2495 1548 2558 quae
1619 2477 1907 2540 vetustas
1974 2475 2269 2559 obduxit,

206 2567 558 2648 transeam,
614 2562 900 2630 Phocide
958 2563 1187 2630 relicta
1241 2561 1445 2647 Graii,
1506 2564 1621 2648 qui
1678 2585 1855 2630 nunc
1907 2562 2271 2630 Massiliam

206 2652 527 2736 incolunt,
572 2653 753 2736 prius
800 2653 872 2718 in
914 2653 1038 2718 hac
1072 2652 1288 2718 insula
1323 2652 1777 2737 consederunt,
1824 2673 1906 2718 ex
1942 2674 2071 2737 qua
2108 2654 2272 2736 quid

206 2763 318 2807 eos
380 2741 729 2828 fugaverit,
788 2743 1106 2808 incertum
1165 2744 1290 2825 est,
1348 2744 1569 2806 utrum
1630 2742 1793 2807 caeli
1849 2741 2135 2827 gravitas
2182 2765 2273 2807 an

391 2970 423 3025 7
450 2986 722 3024 novarum
747 2968 976 3024 urbium
1007 2970 1329 3040 Wesenberg]
1362 2969 1383 3042 ΙΙ
1418 2969 1491 3024 10
1516 2968 1750 3038 puplica
1779 2970 1835 3024 A
1865 2967 1873 3041 Ι
1922 2968 1991 3024 11
2023 2969 2271 3026 circuitu

206 3041 265 3096 A
301 3041 544 3095 circuitu
587 3041 726 3110 volq.
771 3040 794 3114 ΙΙ
841 3040 911 3095 17
948 3040 1220 3111 reliquias
1226 3041 1283 3111 ll
1290 3039 1612 3097 trahentem
1640 3040 1727 3095 A⁸
1759 3040 1780 3112 Η
1929 3039 2179 3096 habitat.
2208 3045 2270 3097 A

207 3112 392 3194 (erasa
429 3125 466 3164 a
500 3116 768 3180 punctum
802 3112 1158 3190 substitutum
1194 3114 1295 3181 est)
1326 3109 1455 3236 11123
1482 3111 1710 3166 colonos
1739 3127 1908 3167 senex
1935 3112 1994 3167 A
2030 3111 2269 3167 colonus

205 3179 475 3235 vexillum
527 3182 764 3252 Madviq
831 3180 1214 3250 sequebantur
1279 3198 1344 3236 co
1369 3198 1506 3238 onos
1566 3182 1812 3238 Penates
1874 3183 1997 3240 Joh.
2050 3184 2271 3240 Mamer

208 3251 438 3306 colonus
465 3267 639 3306 novas
667 3253 828 3308 sedes
847 3254 915 3308 P.
941 3253 1178 3310 Thomas
1205 3253 1321 3309 aris
1349 3270 1480 3310 suos
1501 3296 1513 3309 .
1536 3297 1549 3310 .
1571 3254 1803 3310 colonus
1830 3270 2001 3310 senex
2019 3255 2269 3324 Hosius-35

205 3323 474 3378 retinetA
493 3325 827 3393 scriptwram
845 3324 1135 3394 Schultess,
1153 3327 1249 3383 sed
1264 3332 1447 3383 mutat
1460 3327 1525 3383 in
1542 3344 1591 3384 v.
1606 3331 1684 3383 22
1704 3325 1948 3383 libentes
1966 3345 2023 3382 n.
2044 3326 2269 3384 dabant

207 3394 272 3447 in
314 3393 575 3448 iuventus
621 3411 675 3449 n.
716 3394 894 3451 dabat
941 3394 963 3468 ΙΙ
1009 3395 1081 3452 27
1116 3397 1369 3454 Phocide
1395 3397 1454 3454 A
1488 3401 1606 3470 ipse
1642 3399 1851 3456 Seneca
1888 3400 1996 3456 vid.
2026 3416 2265 3456 masec.-

208 3462 468 3518 Phocaea
503 3465 673 3520 scribi
706 3465 932 3522 debebat
971 3466 980 3540 Ι
1030 3468 1234 3542 graiis]
1259 3469 1347 3527 A⁵
1373 3471 1540 3540 graui
1565 3470 1652 3527 A¹
1678 3477 1977 3529 correctum
2000 3473 2066 3528 in
2091 3471 2265 3543 graii}
