2544 3746
265 107 396 173 276
663 104 720 157 L.
752 102 1037 156 ANNAEI
1073 100 1405 157 SENECAE
1444 99 1634 167 DIAL.
1663 98 1799 154 LIB.
1827 98 1919 154 IX.

266 250 603 316 retinenda
667 272 846 314 mens
915 251 1042 331 est,
1115 248 1227 313 sed
1292 248 1373 313 ad
1436 246 1614 313 iocos
1680 245 2065 311 devocanda.
2170 266 2316 311 cum

267 339 554 423 puerulis
594 337 890 405 Socrates
934 337 1158 402 ludere
1203 358 1339 402 non
1376 336 1819 419 erubescebat,
1864 338 1930 401 et
1967 333 2127 400 Cato
2166 336 2317 400 vino

266 430 532 495 laxabat
595 428 883 493 animum
949 427 1119 492 curis
1183 426 1463 511 publicis
1527 426 1904 511 fatigatum,
1967 429 2036 490 et
2098 422 2317 510 Scipio

267 518 658 603 triumphale
695 517 856 582 illud
887 537 962 582 ac
988 515 1268 581 militare
1296 536 1531 601 corpus
1560 515 1863 580 movebat
1891 514 1971 579 ad
1997 535 2321 598 numeros,

265 630 402 673 non
465 607 748 672 molliter
811 628 881 671 se
943 605 1335 691 infringens,
1394 608 1471 670 ut
1532 626 1707 670 nunc
1765 625 1905 669 mos
1966 607 2065 669 est
2124 603 2320 683 etiam

267 700 523 763 incessu
568 698 711 781 ipso
759 697 930 761 ultra
976 695 1356 760 muliebrem
1401 694 1745 759 mollitiam
1782 693 2161 778 fluentibus,
2208 693 2321 757 sed

268 791 344 851 ut
391 786 643 869 antiqui
689 785 789 850 illi
833 784 957 850 viri
1004 784 1302 851 solebant
1354 784 1525 849 inter
1564 784 1781 848 lusum
1830 804 1907 847 ac
1951 782 2119 848 festa
2160 786 2321 847 tem·
2366 825 2374 832 -

267 898 429 961 pora
482 875 734 941 virilem
790 875 861 939 in
913 874 1180 939 modum
1233 872 1618 958 tripudiare,
1670 894 1805 937 non
1849 872 2086 937 facturi
2130 871 2323 936 detri-

271 970 590 1049 mentum,
626 964 820 1030 etiam
860 964 915 1028 si
952 964 1035 1029 ab
1071 964 1369 1028 hostibus
1405 962 1540 1028 suis
1578 965 2039 1046 spectarentur.
2113 960 2325 1025 danda

271 1059 370 1120 est
396 1055 628 1119 animis
645 1054 966 1119 remissio:
994 1053 1293 1117 meliores
1322 1052 1727 1136 acrioresque
1745 1050 2021 1135 requieti
2039 1053 2323 1136 surgent.

271 1148 346 1209 ut
399 1143 724 1209 fertilibus
779 1142 950 1229 agris
1005 1164 1142 1207 non
1196 1146 1297 1207 est
1340 1142 1789 1227 imperandum
1836 1178 1923 1188 —
1972 1140 2103 1205 cito
2151 1140 2324 1204 enim

273 1234 420 1297 illos
479 1232 814 1309 exhauriet
857 1253 1225 1316 numquam
1259 1231 1630 1297 intermissa
1672 1229 2033 1296 fecunditas
2083 1266 2187 1313 —-,
2234 1230 2326 1293 ita

274 1323 637 1387 animorum·
693 1323 974 1406 impetus
1029 1319 1336 1386 adsiduus
1381 1320 1568 1385 labor
1611 1320 1893 1405 franget,
1954 1318 2123 1383 vires
2168 1317 2327 1383 reei-

275 1412 456 1495 pient
493 1411 758 1495 paulum
797 1409 1066 1476 resoluti
1104 1413 1169 1475 et
1203 1409 1483 1493 remissi3
1520 1410 1807 1474 nascitur
1843 1430 1923 1473 ex
1950 1407 2327 1474 assiduitate

274 1501 571 1565 laborum
619 1501 980 1565 animorum
1021 1500 1348 1565 hebetatio
1389 1500 1703 1584 quaedam
1740 1503 1806 1564 et
1840 1499 2134 1583 languor.
2208 1518 2328 1563 nec

276 1590 356 1655 ad
384 1590 510 1655 hoc
536 1594 718 1655 tanta
744 1589 1084 1654 hominum
1113 1589 1433 1673 cupiditas
1460 1588 1773 1672 tenderet,
1807 1588 1935 1653 nisi
1963 1588 2328 1652 naturalem

279 1679 601 1764 quandam
655 1680 1052 1763 voluptatem
1111 1678 1379 1743 haberet
1422 1680 1605 1743 lusus
1652 1678 1990 1762 iocusque3
2051 1698 2329 1761 quorum

275 1769 576 1853 frequens
650 1790 806 1834 usus
873 1790 1061 1833 omne
1126 1768 1357 1834 animis
1421 1768 1677 1852 pondus
1743 1787 2130 1851 omnemque
2194 1765 2329 1830 vim

277 1857 532 1944 eripiet:
577 1882 726 1924 nam
774 1862 838 1924 et
875 1880 1140 1924 somnus
1177 1857 1515 1924 refectioni
1549 1856 1945 1924 necessarius
1984 1859 2110 1940 est,
2153 1854 2331 1921 hunc

276 1954 494 2013 tamen
557 1949 612 2012 si
670 1971 786 2033 per
846 1948 1014 2013 diem
1074 1951 1461 2031 noctemque
1526 1947 1893 2031 continues,
1952 1966 2127 2011 mors
2189 1945 2329 2010 erit.

279 2038 558 2102 multum
617 2038 910 2121 interest,
969 2037 1260 2102 remittas
1324 2037 1570 2121 aliquid
1630 2058 1714 2101 an
1773 2037 2003 2102 solvas.
2107 2034 2333 2120 legum

280 2127 642 2192 conditores
702 2126 900 2191 festos
966 2125 1388 2192 instituerunt
1447 2126 1610 2207 dies,
1673 2128 1749 2190 ut
1800 2124 1882 2189 ad
1936 2123 2334 2189 hilaritatem

278 2216 572 2280 homines
655 2215 910 2300 publice
952 2284 956 2288 ,
994 2219 1401 2302 cogerentur,
1483 2219 1815 2299 tamquam
1898 2212 2335 2278 necessarium

278 2305 608 2370 laboribus
655 2305 1135 2390 interponentes
1182 2308 1790 2390 temperamentum3
1844 2308 1911 2369 et
1954 2303 2207 2389 magni,
2260 2305 2336 2366 ut

228 2421 234 2424 ·
281 2395 444 2477 dixi,
506 2394 629 2459 viri
676 2394 936 2478 quidam
1002 2395 1127 2459 sibi
1192 2398 1552 2460 menstruas
1618 2393 1809 2459 certis
1865 2392 2091 2458 diebus
2137 2391 2335 2456 ferias

283 2482 549 2566 dabant,
596 2483 857 2566 quidam
902 2483 1157 2549 nullum
1202 2505 1338 2549 non
1384 2482 1556 2548 diem
1592 2483 1763 2548 inter
1798 2481 2006 2547 otium
2042 2484 2108 2546 et
2144 2502 2335 2546 curas

283 2571 678 2638 dividebant:
726 2573 979 2656 qualem
1027 2571 1391 2638 Pollionem
1437 2571 1739 2637 Asinium
1786 2574 2107 2637 oratorem
2155 2591 2337 2656 mag-

215 2677 219 2681 ’
281 2683 438 2726 num
485 2661 921 2746 meminimus,
971 2683 1161 2746 quem
1208 2663 1391 2727 nulla
1434 2683 1536 2727 res
1583 2662 1757 2726 ultra
1802 2660 2137 2725 decumam
2177 2658 2337 2724 deti-

282 2751 455 2834 nuit3
516 2773 597 2816 ne
658 2751 968 2836 epistulas
1035 2750 1295 2835 quidem
1356 2754 1508 2835 post
1572 2773 1714 2816 eam
1770 2749 1999 2815 horam
2057 2747 2339 2835 legebat,

282 2862 362 2904 ne
410 2839 564 2924 quid
608 2862 813 2905 novae
860 2862 1048 2906 curae
1085 2844 1480 2907 nasceretur:
1528 2841 1639 2906 sed
1676 2839 1877 2905 totius
1917 2838 2043 2905 diei
2079 2838 2338 2904 lassitu-

462 3050 799 3135 4·m·0vebaq
823 3053 952 3136 s'y'n
983 3068 1154 3121 mary.
1185 3050 1366 3104 mou&
1393 3052 1449 3105 A
1484 3050 1505 3123 ΙΙ
1540 3050 1612 3105 10
1646 3049 1937 3124 requietis]
1966 3053 2125 3120 (eras.
2157 3051 2204 3120 s)
2234 3050 2294 3106 A
2320 3049 2343 3121 11

285 3122 357 3175 14
383 3138 603 3176 remissi
631 3135 665 3175 ς
693 3139 883 3177 emissi
910 3123 966 3178 A
992 3121 1013 3194 ΙΙ
1040 3121 1111 3176 15
1137 3122 1395 3176 laborum
1424 3140 1489 3176 m
1518 3139 1687 3193 marq.
1718 3123 1849 3177 add.
1880 3120 1964 3177 A²
1989 3121 2009 3194 ΙΙ
2046 3120 2117 3177 18
2146 3125 2341 3177 omne-

286 3209 395 3260 que
423 3195 479 3246 A
515 3193 609 3275 sec}
643 3195 918 3264 viv-qulam
954 3195 1081 3248 add.
1113 3212 1180 3248 m.
1212 3211 1316 3249 ree.
1364 3193 1384 3266 ΙΙ
1428 3193 1500 3248 20
1538 3194 1586 3248 si
1622 3211 1726 3263 per
1759 3195 1896 3264 volq.
1943 3209 2167 3263 semper
2203 3192 2253 3248 si
2283 3195 2340 3247 A

287 3279 508 3331 semper
557 3282 607 3316 si
656 3281 757 3332 per
807 3266 924 3319 edd.
971 3271 1107 3320 antt.
1157 3265 1178 3349 Ι]
1227 3266 1302 3319 24
1335 3268 1402 3320 ut
1439 3266 1558 3320 dixi
1590 3268 1647 3321 A
1692 3272 1969 3335 corrupte,
2008 3267 2123 3320 nisi
2157 3267 2342 3334 ipsius

287 3333 516 3389 Senecae
567 3352 716 3390 error
765 3343 842 3390 est
889 3338 956 3389 ut
1006 3336 1183 3391 didici
1229 3339 1463 3405 Lipsius
1516 3337 1717 3392 iudicii
1766 3338 1963 3393 melius
2008 3336 2301 3421 Schultess,
2320 3335 2341 3408 ΙΙ

2364 1071 2516 1121 ιοἶ

2367 1516 2415 1555 15

2370 1964 2516 2018 εκ)ἶ

2373 2371 2516 2449 ἓξί

2376 2855 2516 2904 ει)1

287 3403 356 3456 27
394 3406 559 3458 verba
604 3408 883 3460 oratorem
929 3423 1199 3476 magnum
1245 3409 1467 3466 seclusit
1502 3410 1725 3476 Haase,
1762 3410 1857 3464 sed
1892 3410 1993 3477 cfr.
2028 3408 2237 3464 Vahlen
2275 3425 2340 3462 m
2374 3421 2381 3428 ·

289 3473 406 3526 ind.
437 3475 550 3528 lect.
583 3477 766 3530 Berol.
799 3482 940 3532 1878
971 3495 1028 3547 p.
1058 3483 1097 3532 8
1129 3478 1150 3551 11
1185 3477 1258 3534 28
1296 3479 1542 3534 detinuit
1572 3479 1740 3536 Gertz
1775 3480 2013 3536 retinuit
2040 3481 2096 3535 A
