2544 3746
674 76 774 131 DE
812 76 941 131 IRA
977 76 1112 132 Lm.
1142 76 1210 132 11.
1278 75 1433 138 oAP.
1463 82 1547 133 25.
1579 82 1662 131 ιε.
1695 82 1761 131 ιι
2158 79 2243 145 95

193 222 399 306 sitim,
445 221 560 307 qui
605 243 807 307 puero
855 222 1023 288 male
1069 222 1344 286 diluenti
1388 221 1604 286 nivem
1652 220 1993 287 irascitur?
2063 222 2246 288 nulla

192 312 413 397 itaque
457 332 561 377 res
607 312 816 397 magis
861 310 1261 377 iracundiam
1309 310 1428 375 alit
1472 330 1667 393 quam
1712 311 1971 375 luxuria
2013 310 2245 377 intem-

192 422 425 486 perans
487 404 554 465 et
612 400 961 493 inpatiens·
1035 400 1192 465 dure
1250 400 1625 465 tractandus
1682 399 1934 466 animus
1990 403 2115 485 est,
2170 403 2245 465 ut

192 491 398 557 ictum
443 510 580 555 non
612 486 864 556 sentiat
905 489 1034 554 nisi
1080 509 1361 575 gravem.

132 600 159 641 ι
372 576 610 644 XXVI.
683 576 1033 644 Irascimur
1088 581 1204 643 aut
1261 578 1371 660 ιιε,
1430 600 1478 680 a·
1529 577 1765 661 quibus
1818 600 1901 643 ne
1956 577 2246 663 accipere
2284 595 2313 644 1

194 667 458 753 quidem
511 667 845 751 potuimus
900 666 1231 749 iniuriam,
1277 626 1393 732 au't
1434 665 1545 750 iis,
1588 688 1629 731 a
1674 666 1911 751 quibus
1957 666 2247 751 accipere

191 757 496 826 iniuriam
551 756 902 841 potuimus.
995 777 1076 821 ex
1129 756 1453 840 prioribus
1506 755 1822 840 quaedam
1868 755 2007 822 sine
2052 776 2247 821 sensu
2283 772 2316 821 2

192 849 374 930 sunt,
436 849 513 911 ut
573 845 769 929 liber,
832 867 1024 928 quem
1098 845 1558 911 minutioribus
1628 844 1867 911 litteris
1914 844 2245 933 scriptum

193 956 387 1020 saepe
445 934 835 1019 proiecimus
892 939 958 1000 et
1011 934 1395 999 mendosum
1439 926 1893 1017 lacera'vimus,
1936 938 2013 999 ut
2053 934 2247 999 vesti-

103 1045 158 1086 ιο
193 1026 442 1107 menta,
508 1043 700 1107 quae,
764 1024 917 1108 quia
981 1023 1438 1108 displicebant,
1501 1023 1834 1089 scidimus:
1898 1022 2002 1088 his
2055 1022 2249 1088 irasci

196 1133 392 1197 quam
439 1114 716 1178 stultum
771 1116 898 1196 est,
952 1133 1117 1197 quae
1163 1112 1325 1177 iram
1370 1114 1662 1178 nostram
1708 1133 1828 1177 nec
1872 1114 2250 1177 meruerunt

192 1222 315 1267 nec
378 1202 695 1267 sentiunt!
801 1200 944 1266 sed
1009 1192 1348 1265 offendunt
1408 1220 1529 1265 nos
1594 1199 1895 1265 videlicet
1958 1201 2071 1285 qui
2134 1201 2249 1265 illa
2283 1216 2316 1265 3

193 1290 531 1357 fecerunt?
621 1290 904 1375 primum
966 1310 1155 1374 saepe
1209 1292 1557 1373 antequam
1612 1288 1741 1356 hoc
1786 1292 1945 1391 aput
1987 1310 2107 1355 nos
2156 1290 2247 1353 di-

195 1378 606 1466 stinguamus
673 1378 1028 1445 irascimur.
1138 1378 1369 1445 deinde
1439 1377 1715 1444 fortasse
1788 1376 1915 1462 ipsi
1989 1398 2248 1462 quoque

103 1490 158 1532 ιιι
195 1468 478 1533 artifices
524 1468 970 1534 excusationes
1016 1468 1221 1534 iustas
1267 1468 1563 1533 afferent:
1640 1468 1806 1532 alius
1852 1488 1986 1533 non
2031 1467 2249 1552 potuit

194 1558 430 1623 melius
489 1556 700 1623 facere
761 1578 956 1640 quam
1014 1555 1198 1639 fecit,
1250 1576 1373 1621 nec
1427 1556 1509 1621 ad
1558 1559 1739 1621 tuam
1786 1556 2247 1622 contumeliam

195 1668 428 1731 parum
475 1645 727 1730 didicit3
773 1647 939 1711 alius
984 1667 1121 1712 non
1162 1646 1235 1711 in
1277 1644 1406 1712 hoc
1449 1649 1526 1710 ut
1568 1648 1636 1711 te
1682 1645 2037 1711 offenderet
2073 1645 2247 1712 fecit.

197 1735 282 1801 ad
316 1735 624 1800 ultimum
663 1734 819 1819 quid
857 1739 957 1801 est
992 1735 1355 1801 dementius
1394 1755 1589 1819 quam
1627 1734 1825 1801 bilem
1853 1735 1923 1800 in
1949 1733 2247 1800 homines

198 1826 541 1891 collectam
605 1824 674 1890 in
735 1844 840 1890 res
904 1823 1272 1891 effundere?
1372 1824 1556 1910 atqui
1609 1827 1685 1890 ut
1726 1823 1842 1890 *his
1896 1823 2087 1891 irasci
2144 1823 2247 1890 de·
2282 1840 2318 1889 4

101 1936 160 1978 20
197 1914 435 1980 mentis
495 1918 622 1999 est,
677 1935 842 1999 quae
896 1915 1112 1979 anima
1166 1918 1416 1996 carent,
1460 1915 1554 1979 sic
1598 1915 1797 1978 mutis
1843 1913 2251 1996 animalibus,

198 2025 366 2088 quae
427 2004 677 2068 nullam
741 2003 1043 2068 iniuriam
1103 2003 1294 2069 nobis
1352 2002 1629 2085 faciunt,
1688 2003 1842 2087 quia
1894 2003 2061 2068 velle
2115 2024 2251 2067 non

195 2095 503 2178 possunt3
547 2113 683 2157 non
728 2095 828 2158 est
873 2091 1044 2157 enim
1089 2092 1330 2157 iniuria
1370 2091 1500 2156 nisi
1546 2114 1585 2157 a
1630 2090 1901 2157 consilio
1938 2091 2247 2176 profecta.

195 2201 432 2246 nocere
489 2181 711 2264 itaque
770 2181 960 2247 nobis
1019 2185 1296 2265 possunt
1340 2185 1417 2246 ut
1458 2181 1702 2246 ferrum
1748 2184 1864 2246 aut
1906 2180 2071 2265 lapis
2081 2229 2102 2264 ,
2155 2180 2249 2244 in-

196 2269 433 2336 iuriam
483 2270 744 2353 quidem
787 2270 998 2335 facere
1043 2291 1178 2336 non
1221 2272 1511 2354 possunt.
1587 2269 1770 2354 atqui
1815 2269 2144 2335 contemni
2180 2291 2249 2335 se
2286 2284 2319 2334 5

101 2380 160 2422 25
199 2359 467 2444 quidam
501 2363 764 2443 putant,
801 2359 916 2424 ubi
951 2359 1122 2424 idem
1160 2359 1313 2444 equi
1350 2359 1778 2443 obsequentes
1811 2358 1999 2424 alteri
2027 2359 2251 2442 equiti,

197 2449 390 2513 alteri
446 2452 857 2513 contumaces
913 2453 1093 2532 sunt,
1137 2452 1446 2531 tanquam
1492 2447 1731 2514 iudicio
1741 2495 1762 2531 ‚
1804 2468 1940 2513 non
1985 2468 2249 2513 consue·

196 2537 427 2602 tudine
464 2541 531 2602 et
567 2540 704 2602 arte
739 2537 1058 2602 tractandi
1092 2537 1407 2621 quaedam
1437 2536 1822 2620 quibusdam
1859 2536 2250 2602 subiectiora

197 2625 349 2690 sint.
425 2625 609 2709 atqui
653 2629 730 2690 ut
772 2625 876 2690 his
921 2625 1112 2692 irasci
1157 2626 1433 2690 stultum
1471 2629 1595 2708 est,
1629 2626 1725 2691 ita
1759 2625 1977 2710 pueris
2015 2631 2081 2691 et
2115 2646 2251 2691 non
2286 2641 2319 2691 6

197 2714 483 2780 multum
521 2737 561 2778 a
596 2735 944 2798 puerorum
980 2714 1327 2800 prudentia
1363 2713 1781 2798 distantibus3
1818 2713 2036 2780 omnia
2072 2713 2249 2779 enim

101 2825 162 2865 so
196 2804 328 2870 ista
400 2806 666 2887 peccata
739 2807 900 2891 aput
971 2825 1250 2889 aequum
1323 2803 1603 2881 iudicem
1680 2824 1798 2887 pro
1879 2802 2249 2869 innocentia

195 2891 446 2958 habent
490 2891 986 2976 inprudentiam.

381 2979 652 3046 XXVII.
726 2979 1054 3059 Quaedam
1109 2985 1262 3047 sunt
1313 3003 1478 3067 quae
1520 3001 1752 3046 nocere
1796 3002 1930 3047 non
1974 2984 2250 3065 possunt
2287 2999 2324 3048 1-

196 3071 580 3153 nullamque
625 3069 758 3136 vim
804 3070 933 3136 nisi
977 3070 1332 3137 beneficam
1370 3073 1438 3136 et
1471 3070 1818 3136 salutarem
1862 3069 2134 3154 habent,
2173 3075 2250 3136 ut

382 3226 455 3282 18
491 3225 668 3282 bilem
701 3225 764 3293 (b
800 3245 868 3282 ex
901 3245 941 3281 u
975 3228 1086 3283 vid.
1115 3228 1277 3298 corr.)
1254 3228 1361 3298 )A
1408 3226 1430 3301 ΙΙ
1478 3226 1551 3282 19
1594 3227 1756 3296 atqui
1792 3243 1929 3283 corr.
1967 3243 2036 3282 ex
2072 3227 2248 3295 adqui

197 3301 318 3354 A¹-
332 3301 534 3368 ²(item
561 3316 610 3354 v.
638 3299 733 3367 24)
769 3299 861 3354 hic
882 3305 936 3355 et
958 3315 1008 3355 v.
1035 3303 1111 3355 28
1147 3301 1321 3368 atque
1347 3299 1567 3354 malunt
1602 3299 1928 3370 Wesenberg]
1955 3304 2007 3354 et
2036 3298 2203 3354 Gertz
2227 3297 2249 3372 ΙΙ

193 3369 271 3427 25
306 3369 687 3439 obsequentes
713 3370 772 3426 A
806 3369 901 3438 (ob
936 3372 1002 3426 in
1035 3387 1148 3427 ras.
1177 3388 1247 3426 m.
1277 3373 1313 3425 5
1348 3386 1459 3440 pro
1493 3371 1625 3439 post
1658 3376 1724 3426 ut
1755 3371 1892 3441 vid.)
1940 3369 1963 3442 ss
2008 3368 2083 3425 82
2118 3385 2247 3439 pos·

197 3443 332 3497 sunt
368 3443 422 3497 L
462 3448 515 3498 et
549 3441 690 3512 0019.
727 3441 949 3511 possint
975 3443 1032 3497 A
1065 3441 1288 3511 possint
1323 3448 1375 3498 et
1408 3440 1663 3498 habeant
1701 3440 1867 3498 Gertz

2528 2391 2544 2462 !

2531 2471 2544 2514 ι

2534 2529 2544 2572 ι

2535 2579 2544 2624 ι
