2544 3746
137 1068 222 1108 ·10

168 1512 222 1553 15

312 100 412 154 AD
450 98 840 154 PAVLINVM
873 98 973 153 DE
1009 97 1430 179 BREVITATE
1458 96 1682 153 VITAE
1722 97 1873 154 cAP.
1907 105 1990 155 11.
2022 105 2089 155 12
2172 102 2303 169 295

263 244 344 309 ab
391 245 689 311 omnibus
736 245 1141 327 recesserint,
1187 243 1311 309 sibi
1349 244 1477 328 ipsi
1512 244 1769 309 molesti
1805 246 1982 309 sunt:
2030 265 2305 329 quorum

259 356 394 399 non
450 335 658 399 otiosa
712 335 846 399 vita
902 333 1170 399 dicenda
1225 337 1349 416 est,
1405 333 1516 398 sed
1572 333 1891 399 desidiosa
1946 335 2302 419 occupatio.

261 424 449 489 illum
502 427 576 487 tu
633 422 913 488 otiosum
966 444 1158 488 vocas
1216 423 1330 507 qui
1387 422 1745 506 Corinthia,
1800 444 2154 507 paucorum
2206 422 2304 489 fu-

259 534 406 579 rore
463 512 774 596 pretiosa,
832 512 1024 577 anxia
1082 512 1443 595 suptilitate
1498 512 1843 579 concinnat
1868 516 1951 581 ,et
1995 513 2303 578 maiorem

261 602 510 667 dierum
556 603 806 684 partem
851 601 920 664 in
965 600 1365 686 aeruginosis
1411 601 1687 665 lamellis
1735 601 2101 666 consumit?
2190 602 2303 686 qui

260 690 332 758 in
387 692 705 755 ceromate
761 687 968 775 (nam,
1022 711 1140 773 pro
1187 689 1466 754 facinus!
1557 712 1638 753 ne
1684 687 1995 754 Romanis
2044 689 2304 774 quidem

259 780 438 843 vitiis
483 775 882 865 laboramus)
929 781 1252 862 spectator
1299 800 1644 862 puerorum
1690 779 2041 844 rixantium
2086 778 2315 845 sedet?

264 867 378 951 qui
421 867 853 932 iumentorum
899 889 1163 955 suorum
1200 889 1429 953 greges
1465 868 1535 943 in
1571 868 1878 933 aetatium
1914 872 1981 932 et
2016 867 2321 933 colorum-

261 956 444 1041 paria
490 956 778 1022 diducit?
861 957 972 1040 qui
1019 956 1293 1021 athletas
1338 957 1725 1035 novissimos
1771 956 2022 1041 pascit?
2105 957 2305 1041 quid?
2342 972 2375 1022 3

260 1046 412 1111 illos
451 1046 693 1111 otiosos
731 1066 949 1128 vocas,
997 1046 1232 1130 quibus
1271 1049 1431 1129 aput
1465 1049 1793 1113 tonsorem
1810 1046 2075 1111 »multae
2108 1045 2305 1110 horae

150 1186 158 1192 ..
259 1135 812 1219 transmittuntur,
860 1134 1013 1199 dum
1061 1136 1452 1219 decerpitur,
1498 1136 1554 1199 si
1592 1136 1747 1218 quid
1783 1136 2079 1219 proxima
2113 1138 2306 1200 nocte

263 1223 607 1307 subcrevit,
633 1223 785 1287 dum
817 1223 895 1288 de
923 1224 1197 1309 singulis
1227 1224 1479 1308 capillis
1507 1225 1578 1288 in
1605 1225 1947 1290 consilium
1975 1225 2123 1309 itur,
2152 1224 2301 1289 dum

260 1316 377 1377 aut
431 1313 698 1377 disiecta
751 1334 936 1378 coma
989 1314 1354 1378 restituitur
1406 1317 1519 1377 aut
1566 1313 1867 1378 deficiens
1911 1313 2067 1378 hinc
2111 1316 2305 1396 atque

261 1402 445 1467 illinc
509 1401 579 1465 in
641 1401 922 1466 frontem
989 1400 1445 1485 compellitur?
1535 1402 1859 1485 quomodo
1920 1402 2305 1485 irascuntur,

261 1491 320 1555 si
364 1493 590 1555 tonsor
633 1491 830 1574 paulo
867 1491 1317 1576 neglegentior
1350 1491 1501 1573 fuit,
1546 1495 1880 1573 tamquam
1914 1492 2128 1555 virum
2164 1494 2307 1555 ton·

261 1579 466 1644 deret1
559 1578 883 1662 quomodo
944 1580 1454 1663 excandescunt‚'
1506 1580 1563 1644 si
1623 1580 1778 1664 quid
1839 1601 1919 1644 ex
1976 1578 2131 1645 iuba
2189 1601 2307 1643 sua

217 1715 223 1724 .
261 1668 547 1734 decisum
597 1672 724 1752 est,
776 1668 833 1733 si
879 1668 1037 1753 quid
1080 1672 1262 1733 extra
1309 1669 1599 1750 ordinem
1644 1669 1871 1751 iacuit,
1914 1669 2043 1733 nisi
2089 1669 2308 1733 omnia

167 1959 224 1999 2⁰

171 2403 226 2444 25

263 1757 332 1821 in
387 1757 615 1821 anulos
670 1778 823 1822 suos
848 1798 854 1803 -
877 1758 1268 1823 reciderunt!
1362 1758 1506 1842 quis
1554 1762 1651 1824 est
1696 1758 1968 1823 istorum
2015 1758 2129 1842 qui
2172 1778 2307 1821 non

261 1846 450 1912 malit
491 1867 628 1926 rem
673 1846 1002 1930 publicam
1046 1848 1295 1913 turbari
1342 1868 1535 1932 quam
1582 1868 1831 1934 comam
1878 1844 2103 1913 suam?
2194 1845 2306 1931 qui

260 1957 397 2000 non
451 1936 792 2001 sollicitior
847 1937 932 2001 sit
987 1936 1064 2001 de
1120 1937 1351 2020 capitis
1409 1937 1509 2001 sui
1565 1936 1791 2002 decore
1848 1958 2040 2020 quam
2088 1935 2165 2000 de
2212 1957 2308 2001 sa-

259 2024 442 2090 lute?
533 2026 646 2108 qui
699 2047 832 2090 non
888 2027 1208 2108 comptior
1263 2048 1400 2091 esse
1456 2026 1639 2090 malit
1692 2047 1886 2109 quam
1931 2024 2308 2093 honestior?

261 2113 385 2179 hos
439 2117 512 2178 tu
569 2114 811 2179 otiosos
867 2135 1058 2180 vocas
1115 2116 1285 2180 inter
1328 2116 1650 2200 pectinem
1697 2115 2157 2199 speculumque
2206 2135 2307 2179 oc-

266 2202 579 2288 cupatos?
670 2203 826 2287 quid
890 2205 1015 2287 illi,
1087 2205 1198 2287 qui
1259 2205 1331 2268 in
1394 2204 1881 2288 componendis,
1954 2204 2305 2288 audiendis,
2345 2221 2378 2268 4

265 2292 586 2360 discendis
634 2293 902 2359 canticis
951 2295 1200 2377 operati
1237 2298 1415 2374 sunt,
1462 2294 1617 2359 dum
1657 2315 1910 2377 vocem,
1939 2295 2141 2363 ,cuius
2175 2314 2306 2360 rec-

263 2387 403 2447 tum
477 2404 736 2447 cursum
808 2386 1040 2447 natura
1113 2387 1177 2447 et
1242 2384 1561 2466 optimum
1627 2386 1690 2448 et
1756 2382 2307 2466 simplicissimum

263 2472 446 2556 fecit,
528 2473 596 2535 in
670 2472 874 2536 flexus
949 2471 1409 2536 modulationis
1484 2472 1910 2537 inertissimae
1982 2475 2306 2556 torquent,

445 2627 480 2682 2
528 2629 824 2697 occupatio
871 2629 993 2684 tolli.
1027 2631 1140 2684 volt
1176 2630 1409 2684 W'olters
1456 2629 1476 2702 Η
1526 2629 1561 2682 5
1608 2629 1706 2697 qui
1752 2629 1917 2684 inche
1961 2644 2120 2683 roma
2154 2631 2306 2684 tena.

264 2699 589 2770 prosa-cinus
617 2700 674 2755 A
710 2717 848 2756 corr.
877 2703 1144 2772 A9ricola
1182 2700 1204 2772 ss
1247 2701 1276 2756 7
1316 2701 1600 2770 spectator
1638 2699 1891 2755 Erasm!
1926 2702 2172 2754 sectator
2197 2700 2254 2755 A
2289 2700 2310 2773 11

264 2771 300 2826 8
337 2773 715 2826 iumentorum
747 2771 912 2827 Gertz
947 2772 1265 2827 iunctorum
1295 2774 1351 2828 A
1390 2771 1490 2844 119
1526 2771 1771 2827 athletas
1798 2771 1883 2826 A⁶
1924 2773 1930 2842 Ι
1971 2771 2308 2826 nouissimos

266 2845 322 2899 A
358 2845 462 2897 uix
497 2849 662 2910 recte,
697 2842 794 2898 sed
828 2843 964 2911 quid
999 2843 1122 2898 Seii.
1155 2845 1433 2912 scripserit
1466 2845 1760 2898 incertum.-
1796 2843 2117 2897 notissimos
2153 2843 2310 2898 novi·

264 2915 376 2968 tios
404 2913 784 2968 nobilissimos
812 2914 1233 2968 nervosissimos
1259 2914 1637 2969 torosissimos
1664 2931 1746 2968 vv.
1768 2914 1859 2968 dd.
1880 2916 2128 2970 certatim
2149 2914 2305 2969 novis

267 2985 410 3039 cibis
441 2986 679 3055 Madvi9
705 2983 1005 3039 novissimo
1034 3001 1189 3040 more
1215 2985 1380 3043 Gertz
1404 2985 1524 3110 'llo
1550 3001 1722 3040 uocas
1750 3002 1887 3040 corr.
1908 3002 1977 3040 ex
1998 2988 2172 3040 uocat
2188 2985 2272 3041 A¹
2290 2987 2313 3058 Η

266 3057 338 3111 13
373 3058 539 3112 verba
577 3059 677 3110 aut
714 3055 978 3110 deficiens
1015 3057 1148 3110 hinc
1186 3059 1359 3126 atque
1395 3056 1553 3111 ilinc
1588 3057 1649 3111 in
1676 3057 1919 3112 frontem
1952 3056 2311 3126 compellitur

265 3131 331 3183 in
366 3145 538 3198 mai-9.
576 3129 799 3196 scripsit
832 3127 917 3182 Α*
931 3131 998 3197 (?)
1041 3136 1092 3184 et
1128 3135 1257 3198 post
1300 3129 1619 3183 restituitur
1662 3129 1957 3185 inserenda
1994 3145 2103 3184 esse
2136 3130 2309 3199 siqni-

265 3201 456 3269 ficavit
503 3199 524 3271 Η
577 3199 647 3254 19
697 3199 862 3253 malit
908 3199 989 3253 Β.
1005 3199 1065 3254 Ρ.
1113 3216 1272 3254 suam
1322 3199 1543 3254 turbari
1589 3216 1759 3268 quam
1806 3216 2023 3254 comam
2065 3201 2123 3256 A
2170 3216 2308 3255 corr.

269 3271 465 3326 Muret
500 3271 666 3324 malit
700 3285 818 3324 rem
845 3286 1006 3324 suam
1033 3270 1180 3324 turb.
1211 3288 1314 3340 eqs.
1350 3271 1513 3326 Gertz
1536 3270 1557 3342 ΙΙ
1592 3271 1664 3325 20
1691 3271 1761 3326 de
1790 3271 1973 3325 salute
2001 3272 2059 3327 A
2085 3271 2159 3325 de
2182 3289 2225 3324 r.
2252 3288 2307 3340 p.

268 3342 453 3396 salute
493 3343 724 3398 Woltem
759 3341 779 3414 ΙΙ
813 3341 882 3396 21
923 3342 1158 3397 comtior
1185 3345 1240 3399 A
1276 3342 1297 3414 Η
1330 3341 1403 3397 23
1440 3343 1577 3411 quid
1614 3342 1725 3410 illi,
1765 3342 1863 3411 qui
1898 3343 1959 3396 in
1995 3343 2132 3410 voly.
2171 3341 2309 3410 quid

267 3413 473 3485 illissin
515 3415 570 3469 A
623 3415 778 3482 (quid
828 3430 1042 3469 erasum
1091 3416 1190 3481 sit,
1239 3415 1442 3484 dispici
1490 3431 1605 3469 non
1646 3417 1841 3482 potest)
1896 3413 2031 3481 quid
2078 3411 2164 3466 illi
2212 3412 2317 3479 qui

275 3485 480 3541 Gruter
504 3485 524 3558 11
555 3484 628 3538 26
653 3485 714 3539 in
742 3484 931 3559 flexus]
954 3489 1109 3554 (eras.
1141 3488 1188 3556 s)
1217 3489 1272 3541 A
1302 3485 1509 3540 inflexu
1538 3499 1571 3540 ς
1604 3488 1609 3557 Ι
1642 3485 2029 3554 ineptissimae
2060 3483 2283 3538 Erasm.
