2544 3746
182 1032 236 1073 10

183 1477 236 1520 1⁸

184 2371 240 2413 25

805 59 904 114 DE
941 60 1068 113 IRA
1105 58 1240 115 Lm.
1270 58 1339 114 11.
1404 57 1558 115 cAP.
1588 64 1674 114 sa.
1706 64 1774 114 34
2185 61 2310 129 103

269 226 539 273 coronas
586 204 762 271 misit
809 209 872 270 et
919 207 1254 271 observare
1301 204 1489 270 iussit
1534 226 1618 270 an
1663 208 1969 270 sumeret:
2020 205 2312 291 sumpsit.

270 318 346 361 eo
394 294 498 361 die
506 344 526 379 ,
570 316 700 379 quo
747 294 958 360 filium
1003 296 1349 378 extulerat,
1392 294 1593 358 immo
1638 315 1767 377 quo
1809 316 1944 359 non
1980 295 2315 378 extulerat,

270 384 519 451 iacebat
581 384 854 450 conviva
915 384 1301 449 centesimus
1368 387 1431 449 et
1493 383 1789 468 potiones
1844 384 1953 449 vix
2009 383 2313 450 honestas

268 474 592 540 natalibus
650 473 1001 539 liberorum
1058 472 1445 559 podagricus
1506 494 1701 537 senex
1757 472 2121 557 hauriebat,
2166 495 2314 539 cum

270 563 527 630 interim
563 585 700 629 non
732 562 1066 628 lacrimam
1104 563 1339 646 emisit,
1372 583 1508 627 non
1544 562 1832 628 dolorem
1870 562 2088 647 aliquo
2126 563 2313 649 signo

271 674 605 738 erumpere
662 672 890 754 passus
951 655 1074 717 est·
1147 652 1400 718 cenavit
1457 655 1789 736 tamquam
1844 673 1963 735 pro
2018 651 2155 716 filio
2212 673 2317 717 ex·

271 746 534 808 orasset.
625 740 909 827 quaeris,
955 740 1194 826 quare?
1284 740 1561 806 habebat
1616 742 1906 806 alterum.
2000 741 2156 825 quid
2205 740 2316 807 ille
2355 760 2387 807 ὁ

270 828 611 897 Priamus?
693 852 830 896 non
874 829 1304 896 dissimulavit
1348 830 1511 895 iram
1558 834 1624 895 et
1667 830 1837 917 regis
1882 852 2095 918 genua
2140 851 2318 895 com-

270 922 501 1006 plexus
561 924 685 1004 est,
741 919 1065 985 funestam
1113 919 1580 1005 perfusamque
1639 940 1866 985 cruore
1910 919 2007 984 fili
2052 940 2317 985 manum

271 1010 352 1075 ad
391 1032 464 1077 os
501 1031 693 1075 suum
729 1009 978 1093 retulit,
1018 1007 1314 1075 cenavit?
1386 1009 1497 1074 sed
1537 1012 1757 1075 tamen
1792 1008 1931 1075 sine
1966 1012 2332 1095 unguento„

271 1100 410 1165 sine
448 1098 730 1184 coronis,
767 1104 831 1165 et
867 1098 1053 1165 illum
1089 1098 1296 1164 hostis
1335 1097 1743 1164 saevissimus
1782 1098 2005 1163 multis
2042 1098 2316 1181 solaciis,

272 1193 346 1254 ut
391 1188 610 1255 cibum
657 1192 939 1273 caperet,
976 1188 1279 1253 hortatus
1316 1191 1441 1272 est,
1479 1208 1615 1253 non
1650 1191 1724 1252 ut
1759 1188 1995 1272 pocula
2029 1185 2318 1273 ingentia

272 1299 468 1363 super
539 1281 734 1363 caput
804 1277 1020 1362 posito
1095 1277 1362 1344 custode
1436 1277 1717 1342 siccaret.
1824 1276 2316 1362 contempsisses
2356 1293 2387 1341 6

271 1366 643 1433 Romanum
699 1369 978 1451 patrem,
1032 1366 1088 1432 si
1143 1366 1266 1432 sibi
1310 1365 1659 1450 timuisset,
1718 1387 1891 1432 nunc
1935 1365 2099 1431 iram
2146 1386 2317 1431 com-

270 1456 524 1541 pescuit
580 1454 802 1540 pietas.
895 1455 1128 1541 dignus
1188 1455 1316 1521 fuit
1374 1455 1479 1520 cui
1536 1415 2012 1539 permitteretur
2070 1478 2111 1520 a
2168 1476 2317 1520 con·

270 1545 446 1611 vivio
512 1544 594 1611 ad
659 1565 806 1612 ossa
868 1544 964 1610 fili
1020 1543 1294 1647 legenda
1347 1543 1697 1629 discedere3
1756 1566 1839 1609 ne
1883 1543 2011 1610 hoc
2057 1542 2316 1628 quidem

270 1633 567 1719 permisit
623 1634 942 1721 benignus
999 1633 1258 1699 interim
1319 1635 1384 1698 et
1437 1632 1640 1698 comis
1700 1632 2099 1699 adulescens·
2170 1653 2318 1717 pro-

271 1722 713 1809 pinationibus
750 1744 965 1789 senem
1003 1723 1269 1807 crebris,
1305 1725 1379 1788 ut
1416 1744 1571 1788 cura
1604 1722 1931 1806 leniretur,
1964 1722 2315 1788 admonens

270 1813 654 1898 lacessebat3
711 1816 937 1880 contra
993 1811 1103 1878 ille
1163 1832 1232 1879 se
1288 1813 1531 1879 laetum
1579 1816 1643 1888 et
1689 1811 1995 1896 oblitum,
2039 1809 2194 1896 quid
2240 1832 2315 1877 eo

274 1907 493 1969 actum
565 1906 732 1969 esset
803 1901 935 1986 die,
1004 1901 1352 1986 praestitit:
1437 1901 1715 1987 perierat
1776 1902 1937 1967 alter
1998 1901 2200 1984 filius,
2263 1900 2321 1966 si

276 1991 565 2059 carnifici
611 1991 884 2057 conviva
926 2012 1060 2057 non
1104 1991 1469 2076 placuisset.

455 2079 752 2146 XXXIV.
826 2080 1012 2168 Ergo
1061 2080 1158 2145 ira
1211 2078 1663 2146 abstinendum
1710 2084 1834 2163 est,
1880 2080 2014 2145 sive
2060 2101 2179 2164 par
2224 2082 2323 2145 est
2360 2095 2388 2145 1

277 2170 392 2256 qui
453 2169 859 2236 lacessendus
919 2174 1016 2236 est
1075 2170 1209 2236 sive
1269 2169 1562 2255 superior
1617 2170 1750 2235 sive
1796 2167 2080 2235 inferior.
2171 2190 2320 2234 cum

274 2282 430 2346 pare
489 2257 872 2326 contendere
929 2281 1164 2345 anceps
1226 2263 1348 2343 est,
1410 2281 1558 2325 cum
1612 2259 1939 2344 superiore
1985 2257 2323 2361 furiosum,

275 2371 426 2416 cum
471 2348 773 2414 inferiore
817 2349 1165 2414 sordidum.
1257 2347 1480 2433 pusilli
1522 2347 1805 2414 hominis
1851 2352 1917 2414 et
1960 2347 2183 2442 miseri
2224 2351 2323 2413 est

458 2504 490 2559 1
531 2504 815 2560 observari
850 2507 991 2560 coni.
1020 2505 1307 2578 Fischer-11
1341 2505 1377 2560 9
1404 2503 1759 2575 pq;erfusam
1858 2521 1920 2561 er
1949 2504 2321 2574 compendiose

274 2594 379 2634 scr.
408 2595 480 2632 m.
511 2583 544 2632 1
580 2578 644 2632 in
679 2580 812 2648 ras.)
840 2576 897 2631 A
923 2505 1324 2662 {112ssortatus
1352 2522 1443 2632 Ap
1446 2576 1506 2643 (h
1534 2523 1733 2648 eras.)q
1747 2577 1755 2648 Ι
1789 2575 1821 2630 1
1890 2576 2320 2645 contempsisses

275 2649 597 2704 Romanum
640 2649 864 2717 patrem
913 2649 1114 2717 scn‘psi
1157 2664 1283 2704 cum
1318 2651 1398 2703 ed.
1428 2649 1657 2717 Bipzmt.
1742 2649 1879 2704 ortui
1917 2647 2207 2704 consilium
2242 2663 2319 2702 sc·

274 2726 469 2787 cutum
514 2725 696 2774 monet
742 2720 807 2774 in
855 2719 1051 2775 litteris
1100 2719 1177 2774 ad
1219 2736 1305 2775 me
1348 2720 1501 2776 datis
1542 2735 1592 2776 v.
1623 2720 1677 2774 d.
1716 2721 1994 2788 contemp.
2032 2719 2173 2774 coni.
2212 2734 2322 2775 esse

274 2792 550 2847 iussivum
586 2789 812 2859 (Madet
789 2807 848 2916 ἰ
883 2790 960 2845 ad
999 2790 1108 2846 Cic.
1139 2790 1206 2846 de
1239 2791 1337 2859 fin.
1367 2791 1447 2846 II
1471 2789 1515 2863 ,ξ
1541 2791 1635 2860 35)
1675 2789 2103 2860 contempsisset
2138 2805 2319 2844 roma-

277 2879 411 2917 num
459 2863 681 2944 patrem
718 2862 775 2916 A
893 2862 1154 2932 contemp
1157 2861 1344 2917 sisset·
1368 2864 1670 2932 tyrannum
1713 2863 1879 2932 pater
1916 2861 2155 2932 Madviq
2192 2877 2322 2916 con·

275 2935 606 3003 tempsisset
639 2934 944 3002 tyrannum
971 2880 1174 2988 Pastor
1209 2934 1296 2990 W.
1330 2933 1540 2990 Gemoll
1577 2933 2008 3003 contempsisset
2032 2932 2321 2987 Romanus

276 3007 445 3132 {tter
473 3006 852 3073 <mortem>
884 3004 1072 3060 Hertz.
1101 3010 1204 3060 aut
1227 3003 1539 3074 imperator
1564 3011 1696 3076 post
1719 3007 1943 3076 patrem
1969 3011 2072 3060 aut
2108 3002 2164 3059 C.
2194 3009 2323 3061 ante

364 3091 598 3132 manum
641 3076 816 3131 inseri
857 3075 1008 3130 iubet
1043 3075 1326 3131 Rossbach
1366 3074 1570 3145 <Jure
1608 3075 1853 3160 Gaius>
1892 3074 2323 3146 contempsisset

275 3148 597 3203 Romanum
646 3148 870 3216 patrem
917 3147 1043 3202 Joh.
1073 3146 1289 3202 Malla·
1336 3144 1358 3218 ΙΙ
1416 3145 1488 3201 15
1532 3146 1956 3217 permitteretur
1999 3147 2322 3218 Wesenberg]

275 3219 636 3290 permitteret
661 3219 719 3274 A
743 3217 765 3291 ΙΙ
791 3216 862 3273 18
888 3215 1161 3273 leniretur
1187 3216 1272 3273 A¹
1301 3220 1381 3287 (re
1407 3235 1450 3274 ε.
1478 3235 1528 3275 v.
1559 3218 1777 3290 leyitur)
1804 3221 1872 3275 ut
1898 3233 2091 3273 curam
2117 3217 2322 3274 leniret

274 3292 439 3346 malit
475 3289 764 3346 Wesmber
845 3289 889 3373 ΙΙ
914 3287 988 3344 2⁰
1022 3289 1272 3360 perierat
1307 3289 1393 3345 A¹
1426 3289 1639 3360 periret
1674 3291 1759 3346 A⁶
1772 3290 1827 3345 L
1872 3290 1895 3363 ΙΙ
1941 3288 2011 3344 21
2049 3305 2162 3344 non
2198 3306 2241 3346 s.
2269 3306 2319 3346 v.

275 3362 408 3420 add.
439 3359 524 3418 A'
556 3360 578 3435 ΙΙ
611 3359 685 3416 25
721 3376 752 3416 e
814 3359 1007 3416 miseri
1022 3307 1076 3416 pe
1111 3363 1366 3432 repetere
1394 3362 1451 3417 A
1487 3364 1541 3432 (e
1576 3378 1638 3417 re
1671 3363 1736 3418 in
1764 3378 1877 3418 ras
1906 3360 2012 3428 A⁶,·
2039 3359 2123 3418 A²
2148 3361 2320 3431 scrip—

276 3440 407 3490 tura
442 3448 559 3490 non
593 3433 910 3502 dispicitur)
