2544 3746
271 102 402 168 222
652 101 710 155 L.
741 98 1024 153 ANNAEI
1061 97 1390 153 SENECAE
1428 97 1618 153 DIAL.
1648 98 1781 154 LIB.
1810 97 1930 153 VH.

270 246 434 311 idem
477 266 742 331 magnas
780 266 961 328 opes,
998 265 1232 308 munus
1269 244 1565 309 fortunae
1598 243 2005 329 fructumque
2033 244 2311 328 virtutis,

270 356 402 400 non
447 335 812 419 repudiabit
853 354 972 399 nec
1017 332 1328 399 excludet.
1406 334 1557 418 quid
1601 334 1772 398 enim
1810 336 1906 399 est
1944 354 2142 418 quare
2178 333 2309 401 illis

271 424 441 489 bono
487 424 633 490 loco
674 420 999 489 invideat?
1061 422 1350 507 veniant,
1373 422 1819 508 hospitentur.
1891 444 2010 488 nec
2046 423 2313 488 iactabit

271 508 415 578 illas
487 534 607 579 nec
679 513 1028 579 abscondet
1081 548 1170 559 -
1226 512 1499 578 alterum
1572 511 1867 577 infruniti
1930 511 2131 577 animi
2196 516 2311 595 est,

272 602 544 668 alterum
589 600 802 667 timidi
856 606 922 667 et
973 600 1222 686 pusilli,
1277 600 1457 667 velut
1500 622 1810 686 magnum
1851 602 2095 666 bonum
2141 602 2314 666 intra
2372 619 2395 660 5

272 692 485 757 sinum
531 690 918 757 continentis
953 726 1030 737 —
1062 712 1209 774 nec,
1262 694 1338 756 ut
1383 690 1543 773 dixi,
1598 690 1785 755 eiciet
1827 691 1971 756 illas
2017 713 2053 756 e
2097 689 2311 756 domo.

201 796 236 846 4
275 780 429 865 quid
474 780 647 847 enim
693 779 906 845 dicet?
965 782 1267 845 utrumne
1316 779 1605 845 ‘inutiles
1652 778 1837 845 estis'
1881 801 1966 844 an
2012 778 2165 866 ‘ego
2213 780 2313 844 uti

271 868 514 935 divitiis
580 868 874 937 nescio’?
978 868 1520 955 quemadmodum
1587 869 1782 934 etiam
1844 868 2116 953 pedibus
2178 869 2313 933 suis

271 959 510 1044 poterit
544 960 667 1025 iter
703 957 1045 1043 conficere,
1080 958 1416 1024 escendere
1450 962 1670 1023 tamen
1685 1017 1687 1019 ,
1700 956 2069 1024 vehiculum
2096 958 2314 1042 malet,

273 1049 368 1115 sic
420 1069 667 1134 pauper
719 1048 832 1114 etsi
875 1046 1116 1133 poterit
1161 1070 1326 1131 esse,
1373 1048 1549 1113 dives
1595 1048 1785 1113 volet.
1878 1045 2002 1132 [et]
2048 1047 2313 1113 habebit
2347 1068 2394 1107 1⁰

270 1138 488 1222 itaque
534 1159 715 1222 opes,
761 1136 875 1202 sed
919 1141 1249 1221 tamquam
1294 1137 1467 1203 leves
1505 1140 1571 1202 et
1606 1137 1996 1220 avolaturas,
2032 1157 2151 1202 nec
2193 1136 2313 1201 ulli

203 1241 236 1291 5
272 1226 384 1293 alii
429 1248 535 1292 eas
578 1248 699 1293 nec
741 1225 868 1292 sibi
910 1246 1135 1312 graves
1181 1246 1321 1292 esse
1365 1226 1661 1311 patietur.
1736 1225 2003 1291 donabit
2031 1262 2122 1272 —
2154 1225 2311 1309 quid

272 1315 562 1382 erexistis
608 1314 836 1382 aures?
908 1314 1063 1399 quid
1109 1315 1426 1401 expeditis
1473 1312 1729 1381 sinum?
1764 1350 1854 1363 -—
1889 1313 2155 1380 donabit
2202 1318 2314 1379 aut

271 1404 457 1485 bonis
504 1409 616 1470 aut
662 1405 784 1488 eis,
829 1426 988 1489 quos
1035 1405 1244 1470 facere
1290 1404 1530 1490 poterit
1572 1404 1777 1470 bonos
1787 1452 1807 1489 ,
1851 1403 2117 1469 donabit
2163 1425 2312 1468 cum

273 1515 524 1560 summo
572 1493 843 1561 consilio
891 1493 1305 1580 dignissimos
1350 1494 1624 1580 eligens,
1670 1497 1745 1558 ut
1792 1493 1904 1578 qui
1948 1493 2315 1558 meminerit
2348 1511 2396 1552 ιε

271 1587 406 1648 tam
459 1604 886 1667 expensorum
934 1604 1128 1667 quam
1175 1587 1586 1668 acceptorum
1630 1582 1948 1648 rationem
1992 1604 2129 1648 esse
2174 1582 2314 1648 red-

272 1670 571 1755 dendam,
617 1671 886 1740 donabit
919 1694 1000 1737 ex
1034 1675 1210 1738 recta
1245 1676 1311 1737 et
1346 1671 1667 1757 probabili
1702 1693 1896 1738 causa
1900 1722 1919 1755 ,
1955 1693 2107 1736 nam
2144 1671 2315 1737 inter

271 1763 492 1845 turpes
519 1761 796 1827 iacturas
826 1762 1067 1826 malum
1095 1783 1327 1826 munus
1358 1766 1471 1845 est,
1506 1759 1771 1826 habebit
1798 1761 2010 1826 sinum
2038 1760 2341 1845 facilem‚·
2378 1812 2384 1819 .

271 1872 404 1917 non
439 1851 865 1941 perforatum,
901 1873 980 1916 ex
1017 1871 1145 1935 quo
1184 1852 1390 1916 multa
1426 1854 1686 1934 exeant,
1733 1853 1798 1917 et
1835 1849 2001 1916 nihil
2041 1848 2311 1916 excidat.

207 1971 234 2021 1
449 1956 686 2023 XXIV.
736 1958 980 2041 Errat,
1023 1958 1079 2023 si
1127 1958 1271 2041 quis
1320 1958 1647 2024 existimat
1688 1957 1946 2023 facilem
1992 1979 2125 2022 rem
2174 1978 2314 2022 esse
2350 1977 2399 2018 το

274 2047 534 2112 donare:
585 2047 938 2131 plurimum
983 2047 1108 2112 ista
1153 2069 1252 2112 res
1301 2047 1496 2112 habet
1541 2046 1967 2130 difficultatis,
2016 2045 2071 2111 si
2116 2045 2313 2111 modo

273 2135 543 2201 consilio
590 2136 926 2219 tribuitur,
968 2157 1102 2200 non
1147 2157 1300 2201 casu
1342 2139 1407 2201 et
1442 2137 1688 2220 impetu
1724 2136 2064 2222 spargitur.
2138 2135 2315 2200 hunc

273 2246 666 2310 promereor,
725 2225 824 2290 illi
876 2224 1100 2309 reddo;
1159 2225 1313 2290 huic
1360 2233 1693 2309 succurro,
1744 2225 1934 2289 huius
1982 2225 2315 2307 misereor3

245 2314 460 2379 'illum
534 2315 781 2380 instruo
847 2315 1116 2401 dignum
1181 2335 1372 2398 quem
1435 2334 1570 2379 non
1632 2313 1906 2379 deducat
1967 2317 2313 2398 paupertas

273 2425 392 2468 nec
447 2409 832 2489 occupatum
877 2408 1116 2488 teneat3
1169 2401 1553 2487 quibusdam
1598 2425 1732 2468 non
1778 2403 1941 2468 dabo
1951 2451 1971 2486 ‚
2018 2402 2314 2486 quamvis
2352 2423 2401 2464 κε

274 2491 464 2576 desit,
503 2494 679 2576 qnia,
715 2494 910 2558 etiam
947 2493 1002 2558 si
1039 2492 1298 2577 deder0‚
1336 2492 1458 2557 erit
1494 2491 1891 2576 defuturum3
1928 2490 2315 2575 quibusdam

276 2581 567 2665 offeram,
626 2581 1008 2666 quibusdam
1063 2582 1256 2646 etiam
1311 2581 1666 2648 inculcabo,
1756 2603 1889 2646 non
1933 2601 2200 2665 possum
2244 2581 2317 2645 in

453 2755 490 2812 2
545 2757 866 2826 repudiabit
910 2755 992 2812 A²
1049 2756 1106 2827 <b
1163 2773 1231 2812 ex
1287 2774 1326 2811 u
1380 2758 1540 2828 corr.)
1603 2757 1732 2812 item
1784 2773 1833 2812 v.
1879 2759 1952 2812 24
2004 2754 2246 2812 iactabit
2294 2755 2316 2826 Η

278 2827 316 2881 6
359 2826 558 2899 illassse
599 2834 651 2883 A
701 2831 859 2898 (eras.
897 2827 1007 2883 vid.
1047 2830 1094 2897 s>
1144 2828 1164 2901 Η
1212 2828 1247 2882 9
1287 2828 1585 2883 escendere
1622 2827 1703 2883 A¹
1751 2844 1889 2882 corr.
1926 2829 1991 2882 in
2027 2842 2148 2883 asc·
2181 2826 2261 2882 A⁵
2293 2836 2317 2890 11

278 2898 349 2953 10
383 2914 602 2968 pauper
638 2899 744 2954 etsi
781 2899 994 2968 poterit
1029 2915 1176 2966 esse,
1206 2900 1258 2954 d.
1289 2917 1338 2953 v.
1370 2900 1641 2956 Schultess
1675 2899 1846 2970 paup'
1878 2899 1925 2953 si
1954 2899 2166 2968 poterit
2193 2911 2315 2952 esse

277 2970 454 3024 diues.
508 2969 665 3024 uolet
696 2976 748 3025 A
825 2986 1002 3040 anper
1038 2986 1158 3025 esse
1194 2971 1432 3040 poterit,
1469 2986 1591 3027 esse
1629 2970 1681 3024 d.
1711 2988 1761 3026 v.
1805 2971 1966 3026 Gertz
2015 2971 2022 3041 Ι
2075 2967 2316 3025 habebit

277 3041 516 3112 Madvi9
567 3041 613 3095 83
648 3040 797 3097 habe
838 3042 887 3096 it
927 3048 978 3097 A
1026 3041 1047 3114 ΙΙ
1096 3041 1167 3096 12
1217 3042 1321 3097 alii
1369 3058 1465 3096 eas
1512 3043 1675 3097 Gertz
1725 3041 1869 3095 aliae
1911 3041 1991 3096 A¹
2036 3039 2140 3110 alji
2180 3040 2261 3096 A⁵
2298 3041 2306 3110 Ι

277 3111 450 3180 quid?
507 3111 778 3168 donauit?
835 3113 1090 3168 erexistis
1128 3129 1307 3178 aures.
1370 3113 1509 3183 quid
1546 3112 1825 3183 expeditis
1862 3113 2083 3167 sinum?
2139 3111 2315 3166 dona·

163 3243 168 3249 ,
275 3183 365 3236 uit
400 3182 479 3236 Αι
516 3185 784 3252 (primum
819 3183 1056 3239 donauit
1090 3202 1238 3240 man.
1276 3202 1381 3242 rec.
1418 3187 1483 3240 in
1528 3184 1766 3239 donabit
1802 3201 1958 3250 corr„
1996 3185 2228 3238 alterum
2262 3189 2317 3239 et

277 3255 500 3309 tertiwm
525 3254 606 3309 ΑΘ
639 3256 704 3310 in
733 3273 858 3312 mar
895 3257 928 3326 .)
966 3272 1101 3311 corr.
1133 3257 1328 3313 Muret
1352 3256 1373 3329 ΙΙ
1398 3256 1471 3310 19
1498 3256 1716 3310 exeant'
1748 3255 1795 3310 ἃ
1821 3253 1999 3310 nichil
2025 3261 2077 3310 A
2114 3256 2313 3311 et-om.

276 3325 414 3394 voly.
456 3324 464 3395 Ι
507 3326 771 3380 excidant
796 3331 848 3381 A
921 3342 1056 3382 corr.
1087 3327 1168 3383 A⁶
1201 3329 1222 3402 ΙΙ
1257 3327 1330 3382 22
1365 3326 1570 3383 tribuit
1596 3334 1648 3383 A
1685 3345 1821 3384 corr.
1850 3329 1989 3398 voly.
2024 3325 2047 3398 ΙΙ
2081 3325 2151 3382 27
2228 3325 2317 3382 ui-
2398 3379 2421 3392 ,

277 3390 519 3448 busdam
564 3397 738 3451 etiam
780 3399 917 3468 volq.
966 3397 1171 3467 quibus
1208 3399 1254 3454 ἃ,
1290 3399 1407 3454 iam
1439 3398 1521 3455 A²
1554 3400 1701 3469 quod
1736 3401 1969 3456 mutavit
2002 3400 2067 3453 in
2107 3397 2207 3467 qni

281 3463 453 3518 etiam
481 3466 561 3521 A·
596 3464 935 3536 quibusdam
973 3468 1270 3527 inculcabo
1300 3471 1572 3528 Schultess
