2544 3746
269 84 358 150 36
679 79 738 134 L.
769 79 1056 134 ANNAEI
1092 77 1425 134 sENECAE
1461 77 1915 134 DIAL.L113.11.

267 226 532 310 ludunt,
594 226 694 291 illi
758 225 827 290 in
886 226 1187 290 litoribus
1250 225 1527 290 harenae
1599 227 1913 312 congestu
1976 224 2324 292 simulacra

270 317 582 382 domuum
637 315 949 397 excitant,
1009 315 1081 380 hi
1134 318 1210 379 ut
1264 336 1573 402 magnum
1628 314 1875 399 aliquid
1930 320 2190 402 agentes
2250 315 2325 380 in

269 405 592 490 lapidibus
658 427 734 470 ac
806 403 1157 490 parietibus
1232 409 1296 470 et
1358 404 1546 470 tectis
1613 404 1955 470 moliendis
2021 406 2324 488 occupati

269 495 510 560 tutelae
555 515 901 578 corporum
948 495 1210 558 inventa
1254 494 1325 558 in
1360 494 1720 578 periculum
1749 498 2093 560 verterunt.
2164 515 2320 581 ergo

270 607 389 669 par
442 583 658 669 pueris
712 584 1101 670 longiusque
1156 583 1542 669 progressis,
1597 582 1709 648 sed
1763 584 1834 648 in
1878 584 2007 649 alia
2050 584 2325 648 maiora-
2388 603 2410 644 ε
2502 653 2504 660 Ι

201 723 214 737 .
271 695 396 757 que
442 695 622 738 error
665 676 778 738 est.
842 695 978 737 non
1020 669 1323 737 inmerito
1370 673 1588 756 itaque
1622 671 1859 738 horum
1896 673 2325 739 contumelias

271 764 526 847 sapiens
589 766 664 827 ut
718 763 896 828 iocos
951 763 1215 846 accipit,
1278 765 1344 827 et
1398 761 1745 846 aliquando
1800 762 1951 827 illos
2010 765 2325 846 tanquam

267 874 504 939 pueros
551 853 723 917 malo
779 873 1114 936 poenaque
1162 851 1493 935 admonet,
1552 850 1800 934 adficit,
1842 872 1977 917 non
2023 852 2178 936 quia
2222 874 2325 918 ac-
2504 818 2506 890 ⁴

269 943 443 1027 cepit
487 941 820 1025 iniuriam,
869 940 981 1005 sed
1030 941 1181 1024 quia
1218 941 1509 1007 fecerunt
1552 945 1617 1006 et
1643 943 1719 1005 ut
1753 940 2051 1005 desinant
2084 941 2326 1027 facere3

269 1033 364 1096 sic
427 1031 598 1096 enim
664 1034 730 1095 et
783 1051 1018 1115 pecora
1062 1029 1323 1095 verbere
1378 1029 1753 1115 domantur,
1805 1051 1927 1096 nec
1984 1030 2328 1096 irascimur
2366 1051 2413 1090 10

269 1120 430 1204 illis,
489 1142 636 1186 cum
685 1141 997 1186 sessorem
1043 1123 1529 1203 recusaverunt,
1572 1120 1684 1185 sed
1730 1120 2175 1204 conpescimns
2186 1169 2205 1204 ,
2250 1123 2329 1185 ut
2506 1168 2508 1204 1

267 1210 458 1274 dolor
501 1209 974 1275 contumaciam
1002 1210 1236 1274 vineat.
1302 1229 1456 1295 ergo
1494 1213 1559 1274 et
1603 1208 1767 1274 illud
1814 1210 2100 1275 solutum
2142 1209 2327 1294 scies,
2507 1207 2508 1226 ³

270 1298 445 1384 quod
489 1299 676 1365 nobis
725 1299 1103 1384 opponitur:
1151 1299 1400 1381 ‘quare,
1445 1299 1501 1363 si
1545 1320 1681 1363 non
1725 1299 1975 1383 accepit
2018 1299 2326 1364 iniuriam

269 1389 523 1472 sapiens
559 1410 680 1454 nec
717 1389 1204 1472 contumeliam,
1239 1389 1431 1473 punit
1466 1409 1576 1454 eos
1615 1389 1728 1473 qui
1763 1387 2127 1454 fecerunt?
2188 1410 2328 1453 non

269 1479 440 1542 enim
487 1500 556 1544 se
601 1477 964 1562 ulciscitur,
1009 1476 1120 1543 sed
1166 1477 1317 1544 illos
1364 1477 1675 1542 emendat.
2148 1529 2155 1535 .
2367 1497 2416 1537 1⁶
2508 1518 2510 1670 1

445 1581 620 1649 XHI.
668 1583 838 1662 Quid
867 1588 966 1650 est
1001 1588 1247 1669 autem,
1276 1606 1472 1668 quare
1507 1583 1677 1650 hanc
1713 1583 1914 1649 animi
1948 1584 2326 1649 firmitatem

267 1696 402 1739 non
443 1675 663 1740 credas
701 1675 770 1738 in
796 1674 1008 1739 virum
1048 1675 1404 1758 sapientem
1442 1674 1695 1757 cadere,
1739 1695 1887 1739 cum
1925 1674 2046 1738 tibi
2074 1675 2144 1738 in
2178 1673 2325 1738 aliis

268 1760 440 1827 idem
507 1766 731 1828 notare
805 1763 916 1828 sed
978 1785 1114 1828 non
1176 1785 1259 1828 ex
1320 1763 1541 1828 eadem
1602 1785 1795 1829 causa
1850 1762 2087 1828 liceat?
2178 1763 2326 1847 quis
2508 1837 2510 1844 Ι

269 1853 443 1918 enim
498 1852 873 1938 phrenetico
929 1851 1216 1919 medicus
1271 1852 1614 1920 irascitur?
1706 1853 1851 1937 quis
1898 1850 2327 1919 febricitantis

268 1946 334 2007 et
351 1966 418 2015 ,a
461 1942 701 2027 frigida
753 1942 1068 2027 prohibiti
1122 1943 1467 2008 maledicta
1520 1943 1589 2007 in
1644 1943 1882 2007 malam
1927 1946 2178 2027 partem
2224 1964 2330 2008 ac·
2368 1963 2422 2003 20

199 2078 227 2095 ..
268 2031 473 2117 cipit?
561 2031 738 2100 hunc
791 2032 1093 2098 affectum
1154 2032 1459 2097 adversus
1523 2032 1735 2098 omnis
1793 2031 1989 2098 habet
2050 2031 2329 2116 sapiens,

269 2143 463 2205 quem
518 2122 822 2187 adversus
878 2143 1104 2207 aegros
1151 2142 1305 2187 suos
1352 2120 1668 2205 medicus,
1727 2142 2004 2206 quorum
2049 2142 2170 2187 nec
2216 2120 2330 2186 ob-

269 2232 486 2294 scena,
548 2211 606 2276 si
658 2210 941 2276 remedio
997 2215 1216 2297 egent,
1280 2215 1676 2276 contrectare
1729 2232 1849 2277 nec
1907 2210 2215 2295 reliquias
2262 2213 2330 2275 et

268 2300 472 2365 effusa
525 2300 763 2366 intueri
817 2300 1201 2387 dedignatur
1245 2321 1366 2366 nec
1410 2323 1527 2385 per
1569 2300 1855 2365 furorem
1902 2299 2328 2366 saevientium

267 2390 563 2474 excipere
611 2390 918 2455 convicia.
1013 2391 1136 2455 scit
1182 2390 1437 2475 sapiens
1486 2389 1697 2455 omnis
1750 2388 1901 2473 hos,
1948 2389 2059 2474 qui
2114 2389 2328 2475 togati
2367 2410 2422 2449 2⁶

266 2480 735 2563 purpuratique
772 2479 1078 2545 incedunt
1112 2484 1184 2545 ut
1209 2480 1524 2564 valentes,
1567 2479 1890 2545 coloratos
1927 2479 2095 2544 male
2132 2500 2326 2545 sanos

266 2590 433 2652 esse,
479 2590 642 2653 quos
688 2590 822 2633 non
868 2570 1055 2633 aliter
1082 2568 1259 2634 videt
1303 2590 1496 2653 quam
1543 2591 1769 2655 aegros
1815 2568 2325 2666 intemperantis:

448 2744 480 2798 1
521 2743 802 2814 simulacss
826 2744 881 2799 A
909 2761 1048 2800 οναε.
1077 2745 1188 2800 vid.
1219 2761 1285 2799 ra
1312 2745 1458 2813 quod
1482 2761 1553 2799 m.
1586 2750 1618 2798 1
1644 2760 1688 2799 8.
1708 2762 1756 2799 v.
1779 2744 2077 2799 addiderat
2110 2742 2132 2816 ΙΙ
2167 2742 2206 2798 2
2232 2758 2329 2798 ex-

270 2815 456 2871 citant
481 2816 537 2871 A
574 2833 614 2870 n
649 2833 691 2871 ε.
713 2833 762 2871 v.
785 2834 852 2870 m.
885 2822 918 2871 1
953 2818 960 2887 Ι
992 2817 1229 2886 agentes
1265 2817 1403 2887 woly.
1440 2815 1711 2885 degentes
1738 2817 1795 2870 A
1834 2815 1871 2868 d
1904 2816 2132 2898 punctis
2166 2822 2328 2870 nota—

267 2894 330 2942 ta
391 2884 412 2958 ΙΙ
469 2886 506 2941 3
551 2885 840 2958 lapidibus
899 2886 1302 2956 <secandis>
1356 2888 1672 2942 Feldmawn
1716 2885 1962 2955 lapideis
2004 2885 2328 2955 parietibus

272 2958 440 3014 Gertz
485 2961 624 3014 com’.
678 2958 702 3043 ῃ
755 2958 792 3013 5
837 2959 936 3013 sed
980 2959 1209 3027 <his>
1249 2958 1312 3013 in
1349 2958 1466 3013 alia
1503 2962 1642 3014 coni.
1677 2957 1889 3013 Gemoll
1938 2958 1962 3031 ΙΙ
2013 2957 2050 3014 8
2096 2960 2333 3014 amonet

267 3029 450 3085 afficit
477 3031 534 3086 A
582 3036 790 3085 retmeo
839 3032 1148 3101 asyndeton
1199 3032 1335 3099 (nisi
1384 3032 1529 3099 quod
1580 3030 1738 3084 adm-
1784 3028 1909 3084 adf-
1953 3031 2175 3099 scripsi)
2221 3030 2361 3096 οἷν.-

266 3118 374 3170 cap
428 3105 481 3167 6,
503 3106 539 3155 6
583 3118 664 3157 ex.
695 3103 831 3157 dial.
862 3102 957 3156 IV
984 3107 1070 3165 10,
1091 3106 1124 3156 5
1163 3104 1278 3168 in.;
1324 3105 1413 3167 31,
1433 3109 1466 3156 4
1514 3119 1595 3157 ex.
1635 3102 1770 3156 dial.
1818 3103 1963 3157 V18
2000 3104 2037 3155 3
2072 3118 2154 3155 ex.
2187 3101 2327 3155 dial.

280 3174 405 3227 VII
437 3176 582 3239 23,3
624 3188 741 3240 ex.;
787 3176 878 3238 27,
895 3176 947 3227 3.
999 3191 1046 3228 v.
1088 3179 1140 3228 et
1183 3173 1335 3229 clem.
1379 3174 1455 3227 ΙΙ
1485 3178 1538 3239 7,
1555 3176 1609 3228 2.
1664 3172 1845 3227 afficit
1892 3174 2055 3227 mis
2099 3172 2329 3226 inclusit

270 3244 528 3309 Fid-ern
562 3242 714 3297 malo
744 3242 1014 3299 admonet
1039 3259 1339 3313 poenaque
1368 3242 1565 3298 adficit
1592 3244 1917 3313 Wesenbery
1941 3242 1963 3315 u
2000 3242 2069 3297 18
2097 3244 2328 3299 notares

270 3315 330 3368 et
357 3314 442 3369 A¹
477 3330 616 3370 corr.
645 3332 714 3370 m.
750 3318 898 3370 1-2
940 3314 962 3399 u
1012 3314 1081 3370 19
1118 3314 1382 3370 frenitico
1421 3314 1505 3370 A¹
1539 3327 1678 3371 corr.
1717 3317 1781 3369 in
1827 3314 2097 3369 frenetico
2134 3331 2205 3369 m.
2234 3317 2277 3369 2
2306 3313 2329 3387 11

269 3384 344 3439 22
379 3383 514 3439 obse
589 3401 652 3440 as
689 3384 773 3440 ire
807 3386 998 3441 medio
1031 3386 1112 3442 A¹
1148 3404 1289 3443 corr.
1317 3405 1388 3443 m.
1420 3390 1572 3441 1-—2
1613 3386 1634 3459 ΙΙ
1677 3385 1751 3441 26
1794 3388 1861 3440 ut
1901 3386 2030 3441 add.
2063 3385 2330 3442 Weidner

273 3455 520 3511 incedun
551 3455 711 3525 wal„
749 3456 988 3513 colorati
1025 3474 1113 3526 os,
1151 3458 1304 3513 male
1340 3473 1507 3514 sanos
1544 3473 1665 3513 esse
1693 3458 2016 3529 Petscheniq
