2544 3746
525 83 626 136 AD
666 78 1095 137 GALLIONEM
1131 82 1229 137 DE
1267 80 1445 137 VITA
1483 83 1727 139 BEATA
1765 82 1919 139 CAP.
1949 88 1983 137 8
2146 85 2280 152 203

235 230 554 314 impetum
614 232 868 295 marcet.
962 248 1081 293 nec
1144 227 1210 291 id
1265 251 1575 314 umquam
1624 232 1868 293 certum
1917 232 2040 312 est,
2097 228 2280 303 cuius

235 320 305 385 in
366 321 551 383 motu
608 322 841 384 natura
899 322 1022 382 est:
1082 316 1175 383 ita
1227 339 1311 382 ne
1365 322 1607 402 potest*
1640 318 1898 403 quidem
1953 320 2090 384 ulla
2142 318 2279 384 eius

236 429 375 475 esse
450 406 837 489 substantia,
910 407 1084 491 quod
1156 407 1334 472 venit
1401 408 1759 490 transitque
1825 408 2150 474 celerrime
2213 407 2284 472 in

233 499 379 583 ipso
417 517 541 562 usu
582 497 684 563 sui
718 496 1104 581 periturum3
1150 518 1227 562 eo
1265 495 1438 561 enim
1475 498 1823 582 pertendit,
1868 498 1979 563 ubi
2017 496 2283 580 desinat,

173 607 197 648 s
235 590 326 669 et,
375 585 528 650 dum
575 584 828 670 incipit,
875 589 1124 668 spectat
1170 585 1250 651 ad
1297 585 1509 649 finem.

417 673 591 741 VIII.
657 672 864 758 Quid,
909 674 1084 759 quod
1128 677 1262 739 tam
1300 674 1487 739 bonis
1528 697 1720 759 quam
1760 674 1945 739 malis
1983 675 2280 759 voluptas

233 765 404 830 inest
456 786 575 830 nec
630 764 843 829 minus
898 767 1119 847 turpes
1177 763 1449 830 dedecus
1496 785 1686 829 suum
1734 786 1928 849 quam
1973 762 2279 828 honestos

236 854 495 941 egregia.
550 853 911 919 delectant?
1001 852 1275 936 ideoque
1319 857 1782 937 praeceperunt
1825 857 2072 919 veteres
2119 852 2283 937 opti-

237 965 410 1009 mam
470 942 653 1026 sequi
716 942 946 1025 vitam,
1007 964 1143 1019 non
1196 943 1753 1027 iucundissimam,
1814 947 1891 1008 ut
1942 947 2151 1008 rectae
2208 963 2281 1007 ac

143 1056 198 1095 10
231 1032 442 1099 bonae
514 1031 869 1097 voluntatis
941 1052 1076 1096 non
1148 1032 1281 1097 dux
1353 1033 1465 1097 sed
1534 1054 1749 1097 comes
1814 1027 1899 1097 s'it
1961 1033 2281 1116 voluptas.

233 1126 469 1189 natura
526 1120 698 1185 enim
755 1121 916 1185 duce
970 1120 1281 1186 utendum
1324 1124 1462 1205 est3
1522 1121 1690 1187 hanc
1744 1122 1909 1187 ratio
1968 1122 2280 1204 observat,

233 1212 406 1277 hanc
452 1211 746 1276 consulit.
819 1207 991 1274 idem
1029 1214 1128 1275 est
1156 1231 1318 1296 ‚ergo
1355 1211 1540 1276 beat-e
1576 1211 1789 1275 vivere
1828 1215 1891 1275 et
1929 1210 2280 1275 secundum

234 1303 552 1365 naturam.
622 1300 751 1365 hoc
797 1299 951 1383 quid
999 1299 1112 1382 sit,
1155 1298 1286 1363 iam
1325 1300 1633 1382 aperiam:
1666 1301 1735 1364 si
1774 1300 2061 1385 corporis
2101 1299 2281 1364 dotes

236 1392 302 1453 et
366 1391 517 1473 apta
577 1392 844 1453 naturae
905 1390 1415 1455 conservarimus
1471 1389 1811 1475 diligenter
1866 1394 1930 1453 et
1984 1388 2281 1472 inpavide

143 1498 199 1540 ιι
234 1480 568 1561 tamquam
624 1476 694 1541 in
748 1475 916 1541 diem
973 1477 1122 1542 data
1168 1482 1234 1541 et
1278 1476 1559 1563 fugacia,
1621 1477 1676 1542 si
1720 1498 1853 1542 non
1900 1476 2281 1543 subierimus

236 1588 462 1632 eorum
521 1565 895 1631 servitutem
955 1587 1074 1631 nec
1134 1586 1255 1631 nos
1303 1567 1512 1631 aliena
1558 1566 1983 1650 possederint,
2044 1566 2099 1631 si
2146 1588 2283 1631 cor-

234 1656 381 1743 pori
445 1658 631 1741 grata
693 1658 757 1720 et
817 1655 1177 1720 adventicia
1236 1677 1311 1720 eo
1371 1655 1558 1720 nobis
1618 1657 1763 1721 loco
1820 1655 2086 1739 fuerint,
2151 1676 2279 1739 quo

235 1749 389 1810 sunt
441 1745 512 1809 in
567 1744 791 1809 castris
850 1744 1090 1809 auxilia
1135 1748 1198 1809 et
1245 1747 1605 1809 armaturae
1649 1746 1822 1809 leves
1869 1780 1955 1791 --
2003 1743 2283 1809 serviant

233 1834 390 1918 ista,
446 1855 580 1899 non
634 1833 952 1919 imperent
997 1870 1114 1918 —‚
1171 1834 1264 1898 ita
1320 1834 1578 1900 demum
1634 1833 1821 1899 utilia
1867 1837 2019 1900 sunt
2063 1834 2279 1900 menti.

142 1944 200 1984 ιο
233 1923 647 2007 incorruptus
694 1924 794 1989 vir
838 1924 924 1988 sit
959 1924 1237 1988 externis
1288 1927 1352 1987 et
1396 1924 1847 2009 insuperabilis
1888 1924 2281 2007 miratorque

233 2015 491 2077 tantum
547 2013 676 2094 sui,
730 2012 933 2083 fidens
995 2013 1209 2077 animo
1258 2016 1451 2096 atque
1496 2013 1567 2078 in
1611 2017 1956 2097 utrumque
2001 2016 2281 2096 paratus,

235 2101 470 2168 artifex
514 2100 712 2185 vitae3
755 2101 993 2167 fiducia
1037 2101 1172 2168 eius
1209 2123 1343 2167 non
1380 2103 1517 2168 sine
1555 2102 1823 2168 scientia
1860 2103 1967 2186 sit,
2016 2101 2283 2167 scientia

233 2213 372 2257 non
434 2192 570 2257 sine
636 2191 1024 2256 constantia:
1093 2195 1395 2257 maneant
1454 2191 1552 2256 illi
1612 2192 1810 2258 semel
1868 2191 2106 2277 placita
2162 2213 2293 2258 nec·

233 2280 373 2345 ulla
425 2280 496 2344 in
549 2279 818 2346 decretis
876 2280 1012 2344 eius
1056 2281 1254 2345 litura
1300 2281 1399 2346 sit.
1491 2281 1916 2368 intellegitur,
1974 2281 2168 2346 etiam
2224 2280 2281 2346 si

141 2388 197 2429 25
233 2390 370 2434 non
440 2368 758 2453 adiecem,
829 2369 1262 2454 compositum
1334 2370 1826 2455 ordinatumque
1886 2371 2023 2435 fore
2082 2371 2279 2435 telem

235 2459 448 2523 virum
507 2461 573 2522 et
630 2458 700 2522 in
757 2458 836 2524 iis
894 2480 1058 2543 quae
1104 2463 1252 2545 aget
1300 2481 1447 2524 cum
1495 2461 1797 2525 comitate
1843 2459 2277 2546 magnificum.

235 2551 501 2612 externa
545 2547 709 2612 ratio
759 2551 1029 2632 quaerat.
1069 2549 1362 2614 sensibus
1409 2549 1674 2614 inritata
1717 2553 1781 2614 et
1826 2550 2083 2634 capiens
2132 2548 2279 2614 inde

415 2687 452 2742 2
488 2687 727 2742 immotu
754 2688 810 2742 A
858 2686 879 2759 ΙΙ
925 2686 962 2742 3
1006 2687 1326 2757 transitque
1366 2687 1531 2744 Gertz
1564 2688 1772 2743 transit
1807 2705 1878 2744 ue
1906 2689 1963 2743 A
2004 2688 2026 2761 ΙΙ
2073 2689 2110 2744 4
2154 2706 2281 2758 per-

233 2756 425 2812 tendit
459 2759 622 2814 (ἔατε
664 2759 927 2829 peruenit
953 2759 1010 2813 A
1044 2759 1336 2828 pervenire
1374 2759 1532 2828 cupit
1567 2761 1689 2815 Joh.
1722 2760 1935 2815 Mulier
1966 2759 1987 2833 ΙΙ
2022 2760 2059 2816 8
2096 2759 2280 2816 ᾶθΙθθ-

233 2831 327 2884 tat
362 2830 419 2884 A
469 2846 605 2886 corr.
647 2830 818 2901 v019.;
863 2829 1028 2885 Gertz
1075 2830 1259 2901 gloria
1296 2838 1425 2900 post
1470 2831 1700 2900 egregia.
1744 2832 2010 2887 excidisse
2054 2832 2225 2887 eredit
2259 2830 2281 2904 ΙΙ

235 2900 309 2956 10
345 2901 421 2955 sit
456 2902 513 2956 A
559 2902 708 2956 esset
749 2901 912 2956 Gertz
956 2917 1071 2956 non
1108 2908 1248 2958 reete
1292 2901 1312 2974 ΙΙ
1360 2902 1433 2957 14
1482 2902 1921 2956 conservarimus
1956 2903 2103 2958 idem
2149 2918 2281 2957 con-

237 2970 590 3027 seruabimus
617 2973 674 3027 A
709 2971 730 3045 ΙΙ
763 2971 835 3026 15
872 2972 1010 3026 dats,
1038 2973 1094 3027 A
1129 2972 1148 3045 ΙΙ
1183 2972 1255 3029 19
1276 2973 1459 3028 utilia
1496 2973 1571 3027 sit
1598 2973 1681 3028 A¹
1716 2972 1885 3028 utilis.
1922 2976 2004 3029 sit
2029 2973 2114 3028 A⁶
2140 2991 2277 3030 corr.

232 3044 372 3113 0019.
417 3042 440 3116 ΙΙ
481 3043 551 3098 21
594 3044 830 3113 paratus
871 3055 907 3097 ς
953 3045 1153 3112 partus
1194 3044 1281 3100 A¹
1318 3061 1495 3114 supra
1540 3045 1684 3113 quod
1727 3063 1796 3100 m.
1842 3061 2029 3101 recen-s
2071 3062 2174 3101 scr.
2223 3046 2277 3102 .i.

277 3116 474 3169 aratus
521 3157 535 3171 .
576 3121 709 3186 post
749 3116 850 3170 hoc
892 3116 1114 3171 verbum
1155 3117 1483 3186 interpam-vi
1518 3133 1640 3170 cum
1678 3119 1903 3172 ereto
1938 3123 1991 3172 et
2026 3118 2223 3187 Lipsio
2258 3117 2285 3202 Ι[

352 3185 571 3256 placita
611 3187 753 3256 volq.
798 3185 1030 3255 placida
1065 3188 1122 3242 A
1165 3187 1186 3260 ΙΙ
1232 3187 1303 3244 27
1351 3189 1582 3243 externa
1618 3188 1764 3243 ratio
1804 3191 2043 3256 quaerat
2080 3190 2282 3258 scripsi

235 3259 364 3313 erat
381 3272 536 3311 uera.
574 3257 744 3312 Ratio
773 3273 910 3311 uera
929 3258 986 3312 A
1013 3260 1108 3314 eat
1133 3274 1272 3314 uera.
1300 3258 1447 3314 ratio
1469 3259 1707 3330 Madviq
1724 3262 1963 3327 quaerat
1979 3259 2127 3314 ratio
2145 3275 2282 3314 vera.

234 3323 398 3384 Koch
424 3330 590 3383 exeat
607 3330 801 3383 nostra
820 3329 966 3384 ratio
997 3329 1162 3384 Gertz
1190 3331 1430 3398 quaerat
1448 3331 1679 3385 externa.
1696 3330 1844 3385 ratio
1862 3330 2234 3386 Reitzenstein

234 3397 494 3455 sensibus
521 3398 759 3454 inritata
778 3399 1033 3472 Madvig,
1057 3407 1108 3455 et
1133 3401 1216 3455 ita
1241 3402 1359 3456 iam
1386 3401 1499 3458 Col.
1522 3401 1748 3458 Gruter-i
1774 3399 2002 3456 senibus
2029 3401 2203 3455 inrita.

231 3477 409 3528 totum
434 3471 614 3527 locum
639 3473 720 3527 sic
746 3487 884 3528 corr.
905 3471 1201 3528 Schultess.-
1233 3474 1330 3528 eat
1354 3472 1461 3527 viri
1488 3473 1634 3528 ratio
1662 3472 1756 3527 via
1784 3487 1819 3526 a
1848 3470 2103 3527 sensibus
2131 3471 2277 3526 init-a.

2318 1937 2353 1985 3

2316 2561 2356 2610 4
