<?xml version="1.0" encoding="UTF-8"?>
<!DOCTYPE html PUBLIC "-//W3C//DTD XHTML 1.0 Transitional//EN"
    "http://www.w3.org/TR/xhtml1/DTD/xhtml1-transitional.dtd">
<html xmlns="http://www.w3.org/1999/xhtml" xml:lang="en" lang="en">
 <head>
  <title>
</title>
<meta http-equiv="Content-Type" content="text/html;charset=utf-8" />
  <meta name='ocr-system' content='tesseract 3.04.00' />
  <meta name='ocr-capabilities' content='ocr_page ocr_carea ocr_par ocr_line ocrx_word'/>
</head>
<body>
  <div class='ocr_page' id='page_1' title='image "./lannaeisenecaeo01unkngoog_0163.png"; bbox 0 0 2544 3746; ppageno 0'>
   <div class='ocr_carea' id='block_1_1' title="bbox 771 59 2299 133">
    <p class='ocr_par' dir='ltr' id='par_1_1' title="bbox 771 59 2299 133">
     <span class='ocr_line' id='line_1_1' title="bbox 771 59 2299 133; baseline 0.005 -18"><span class='ocrx_word' id='word_1_1' title='bbox 771 60 868 115; x_wconf 85' lang='lat' dir='ltr'>DE</span> <span class='ocrx_word' id='word_1_2' title='bbox 907 60 1037 115; x_wconf 85' lang='lat' dir='ltr'>IRA</span> <span class='ocrx_word' id='word_1_3' title='bbox 1071 60 1205 115; x_wconf 88' lang='lat' dir='ltr'>LIB.</span> <span class='ocrx_word' id='word_1_4' title='bbox 1236 59 1330 115; x_wconf 87' lang='grc' dir='ltr'>ΠΙ.</span> <span class='ocrx_word' id='word_1_5' title='bbox 1397 60 1549 117; x_wconf 83' lang='grc' dir='ltr'><strong>ΟΑΡ.</strong></span> <span class='ocrx_word' id='word_1_6' title='bbox 1582 67 1665 116; x_wconf 82' lang='lat'>29.</span> <span class='ocrx_word' id='word_1_7' title='bbox 1699 67 1767 117; x_wconf 83' lang='lat'>30</span> <span class='ocrx_word' id='word_1_8' title='bbox 2172 66 2299 133; x_wconf 85' lang='lat'>139</span> 
     </span>
    </p>
   </div>
   <div class='ocr_carea' id='block_1_2' title="bbox 252 206 2302 561">
    <p class='ocr_par' dir='ltr' id='par_1_2' title="bbox 252 206 2302 561">
     <span class='ocr_line' id='line_1_2' title="bbox 253 206 2301 293; baseline 0 -21"><span class='ocrx_word' id='word_1_9' title='bbox 253 206 745 290; x_wconf 87' lang='lat' dir='ltr'>concitaverint,</span> <span class='ocrx_word' id='word_1_10' title='bbox 793 220 1301 291; x_wconf 83' lang='lat' dir='ltr'>perseveramus,</span> <span class='ocrx_word' id='word_1_11' title='bbox 1343 228 1426 270; x_wconf 89' lang='lat' dir='ltr'>ne</span> <span class='ocrx_word' id='word_1_12' title='bbox 1471 207 1803 272; x_wconf 88' lang='lat' dir='ltr'>videamur</span> <span class='ocrx_word' id='word_1_13' title='bbox 1840 208 2130 293; x_wconf 88' lang='lat' dir='ltr'>coepisse</span> <span class='ocrx_word' id='word_1_14' title='bbox 2164 208 2301 275; x_wconf 89' lang='lat' dir='ltr'>sine</span> 
     </span>
     <span class='ocr_line' id='line_1_3' title="bbox 253 295 2302 380; baseline 0 -17"><span class='ocrx_word' id='word_1_15' title='bbox 253 318 474 380; x_wconf 86' lang='lat' dir='ltr'>causa,</span> <span class='ocrx_word' id='word_1_16' title='bbox 539 300 630 380; x_wconf 87' lang='lat' dir='ltr'>et,</span> <span class='ocrx_word' id='word_1_17' title='bbox 695 296 868 379; x_wconf 88' lang='lat' dir='ltr'>quod</span> <span class='ocrx_word' id='word_1_18' title='bbox 929 295 1426 380; x_wconf 86' lang='lat' dir='ltr'>iniquissumum</span> <span class='ocrx_word' id='word_1_19' title='bbox 1488 300 1609 378; x_wconf 88' lang='lat' dir='ltr'>est,</span> <span class='ocrx_word' id='word_1_20' title='bbox 1670 298 2125 380; x_wconf 78' lang='lat' dir='ltr'>pertinaciores</span> <span class='ocrx_word' id='word_1_21' title='bbox 2180 319 2302 363; x_wconf 89' lang='lat' dir='ltr'>nos</span> 
     </span>
     <span class='ocr_line' id='line_1_4' title="bbox 252 385 2300 489; baseline 0.001 -38"><span class='ocrx_word' id='word_1_22' title='bbox 252 385 414 452; x_wconf 83' lang='lat' dir='ltr'>facit</span> <span class='ocrx_word' id='word_1_23' title='bbox 457 385 765 471; x_wconf 85' lang='lat' dir='ltr'>iniquitas</span> <span class='ocrx_word' id='word_1_24' title='bbox 812 386 972 469; x_wconf 75' lang='lat' dir='ltr'>irae:</span> <span class='ocrx_word' id='word_1_25' title='bbox 1024 385 1372 451; x_wconf 89' lang='lat' dir='ltr'>retinemus</span> <span class='ocrx_word' id='word_1_26' title='bbox 1420 386 1592 450; x_wconf 88' lang='lat' dir='ltr'>enim</span> <span class='ocrx_word' id='word_1_27' title='bbox 1638 386 1818 451; x_wconf 84' lang='lat' dir='ltr'>illam</span> <span class='ocrx_word' id='word_1_28' title='bbox 1866 390 1930 451; x_wconf 92' lang='lat' dir='ltr'>et</span> <span class='ocrx_word' id='word_1_29' title='bbox 1974 408 2300 489; x_wconf 78' lang='lat' dir='ltr'>augemus,</span> 
     </span>
     <span class='ocr_line' id='line_1_5' title="bbox 252 475 2298 561; baseline -0 -20"><span class='ocrx_word' id='word_1_30' title='bbox 252 476 442 560; x_wconf 80' lang='lat' dir='ltr'><strong>quasi</strong></span> <span class='ocrx_word' id='word_1_31' title='bbox 500 477 949 561; x_wconf 67' lang='lat' dir='ltr'>argumentum</span> <span class='ocrx_word' id='word_1_32' title='bbox 1011 475 1096 539; x_wconf 91' lang='lat' dir='ltr'>sit</span> <span class='ocrx_word' id='word_1_33' title='bbox 1148 476 1315 540; x_wconf 86' lang='lat' dir='ltr'>iuste</span> <span class='ocrx_word' id='word_1_34' title='bbox 1370 475 1702 541; x_wconf 74' lang='lat' dir='ltr'>irascentis</span> <span class='ocrx_word' id='word_1_35' title='bbox 1760 477 2039 561; x_wconf 83' lang='lat' dir='ltr'>graviter</span> <span class='ocrx_word' id='word_1_36' title='bbox 2094 478 2298 543; x_wconf 81' lang='lat' dir='ltr'>irasci.</span> 
     </span>
    </p>
   </div>
   <div class='ocr_carea' id='block_1_3' title="bbox 157 578 2376 2893">
    <p class='ocr_par' dir='ltr' id='par_1_3' title="bbox 187 578 2369 1023">
     <span class='ocr_line' id='line_1_6' title="bbox 187 578 2369 667; baseline 0.002 -24"><span class='ocrx_word' id='word_1_37' title='bbox 187 601 214 643; x_wconf 77' lang='lat'><strong>5</strong></span> <span class='ocrx_word' id='word_1_38' title='bbox 434 579 634 646; x_wconf 87' lang='lat' dir='ltr'>XXX.</span> <span class='ocrx_word' id='word_1_39' title='bbox 712 578 968 657; x_wconf 84' lang='lat' dir='ltr'>Quanto</span> <span class='ocrx_word' id='word_1_40' title='bbox 1034 581 1262 646; x_wconf 89' lang='lat' dir='ltr'>melius</span> <span class='ocrx_word' id='word_1_41' title='bbox 1329 586 1428 646; x_wconf 92' lang='lat' dir='ltr'>est</span> <span class='ocrx_word' id='word_1_42' title='bbox 1490 581 1677 647; x_wconf 90' lang='lat' dir='ltr'>initia</span> <span class='ocrx_word' id='word_1_43' title='bbox 1739 583 1883 666; x_wconf 89' lang='lat' dir='ltr'>ipsa</span> <span class='ocrx_word' id='word_1_44' title='bbox 1942 582 2301 667; x_wconf 86' lang='lat' dir='ltr'>perspicere</span> <span class='ocrx_word' id='word_1_45' title='bbox 2344 601 2369 647; x_wconf 87' lang='lat'>1</span> 
     </span>
     <span class='ocr_line' id='line_1_7' title="bbox 253 670 2300 755; baseline 0.001 -21"><span class='ocrx_word' id='word_1_46' title='bbox 253 689 451 755; x_wconf 88' lang='lat' dir='ltr'>quam</span> <span class='ocrx_word' id='word_1_47' title='bbox 510 670 678 734; x_wconf 87' lang='lat' dir='ltr'>levia</span> <span class='ocrx_word' id='word_1_48' title='bbox 737 670 892 751; x_wconf 86' lang='lat' dir='ltr'>sint,</span> <span class='ocrx_word' id='word_1_49' title='bbox 949 691 1142 753; x_wconf 89' lang='lat' dir='ltr'>quam</span> <span class='ocrx_word' id='word_1_50' title='bbox 1189 670 1479 735; x_wconf 83' lang='lat' dir='ltr'>innoxia!</span> <span class='ocrx_word' id='word_1_51' title='bbox 1572 670 1745 755; x_wconf 91' lang='lat' dir='ltr'>quod</span> <span class='ocrx_word' id='word_1_52' title='bbox 1792 672 2077 736; x_wconf 87' lang='lat' dir='ltr'>accidere</span> <span class='ocrx_word' id='word_1_53' title='bbox 2122 671 2300 736; x_wconf 90' lang='lat' dir='ltr'>vides</span> 
     </span>
     <span class='ocr_line' id='line_1_8' title="bbox 252 758 2300 844; baseline 0 -20"><span class='ocrx_word' id='word_1_54' title='bbox 252 758 639 825; x_wconf 83' lang='lat' dir='ltr'>animalibus</span> <span class='ocrx_word' id='word_1_55' title='bbox 692 760 917 842; x_wconf 86' lang='lat' dir='ltr'>mutis,</span> <span class='ocrx_word' id='word_1_56' title='bbox 970 759 1141 823; x_wconf 90' lang='lat' dir='ltr'>idem</span> <span class='ocrx_word' id='word_1_57' title='bbox 1187 759 1257 822; x_wconf 92' lang='lat' dir='ltr'>in</span> <span class='ocrx_word' id='word_1_58' title='bbox 1301 758 1565 823; x_wconf 90' lang='lat' dir='ltr'>homine</span> <span class='ocrx_word' id='word_1_59' title='bbox 1611 760 1989 844; x_wconf 88' lang='lat' dir='ltr'>deprendes:</span> <span class='ocrx_word' id='word_1_60' title='bbox 2049 760 2300 825; x_wconf 88' lang='lat' dir='ltr'>frivolis</span> 
     </span>
     <span class='ocr_line' id='line_1_9' title="bbox 252 848 2303 915; baseline 0 -2"><span class='ocrx_word' id='word_1_61' title='bbox 252 850 589 913; x_wconf 83' lang='lat' dir='ltr'>turbamur</span> <span class='ocrx_word' id='word_1_62' title='bbox 653 852 718 913; x_wconf 92' lang='lat' dir='ltr'>et</span> <span class='ocrx_word' id='word_1_63' title='bbox 781 848 1094 913; x_wconf 89' lang='lat' dir='ltr'>inanibus.</span> <span class='ocrx_word' id='word_1_64' title='bbox 1188 852 1447 912; x_wconf 90' lang='lat' dir='ltr'>taurum</span> <span class='ocrx_word' id='word_1_65' title='bbox 1506 850 1687 913; x_wconf 89' lang='lat' dir='ltr'>color</span> <span class='ocrx_word' id='word_1_66' title='bbox 1745 848 2137 915; x_wconf 88' lang='lat' dir='ltr'>rubicundus</span> <span class='ocrx_word' id='word_1_67' title='bbox 2200 872 2303 913; x_wconf 85' lang='lat' dir='ltr'>ex-</span> 
     </span>
     <span class='ocr_line' id='line_1_10' title="bbox 252 937 2303 1023; baseline 0 -20"><span class='ocrx_word' id='word_1_68' title='bbox 252 938 439 1021; x_wconf 88' lang='lat' dir='ltr'>citat,</span> <span class='ocrx_word' id='word_1_69' title='bbox 485 938 563 1002; x_wconf 91' lang='lat' dir='ltr'>ad</span> <span class='ocrx_word' id='word_1_70' title='bbox 601 937 897 1003; x_wconf 86' lang='lat' dir='ltr'>umbram</span> <span class='ocrx_word' id='word_1_71' title='bbox 934 938 1108 1020; x_wconf 88' lang='lat' dir='ltr'>aspis</span> <span class='ocrx_word' id='word_1_72' title='bbox 1146 938 1427 1021; x_wconf 81' lang='lat' dir='ltr'>exurgit,</span> <span class='ocrx_word' id='word_1_73' title='bbox 1466 959 1649 1002; x_wconf 90' lang='lat' dir='ltr'>ursos</span> <span class='ocrx_word' id='word_1_74' title='bbox 1685 937 2031 1023; x_wconf 82' lang='lat' dir='ltr'>leonesque</span> <span class='ocrx_word' id='word_1_75' title='bbox 2068 961 2303 1023; x_wconf 88' lang='lat' dir='ltr'>mappa</span> 
     </span>
    </p>

    <p class='ocr_par' dir='ltr' id='par_1_4' title="bbox 157 1026 2371 1467">
     <span class='ocr_line' id='line_1_11' title="bbox 157 1026 2303 1111; baseline 0.001 -23"><span class='ocrx_word' id='word_1_76' title='bbox 157 1048 216 1088; x_wconf 86' lang='grc' dir='ltr'>ιο</span> <span class='ocrx_word' id='word_1_77' title='bbox 252 1028 556 1111; x_wconf 84' lang='lat' dir='ltr'>proritat:</span> <span class='ocrx_word' id='word_1_78' title='bbox 603 1028 845 1111; x_wconf 80' lang='lat' dir='ltr'>omnia,</span> <span class='ocrx_word' id='word_1_79' title='bbox 893 1048 1054 1111; x_wconf 88' lang='lat' dir='ltr'>quae</span> <span class='ocrx_word' id='word_1_80' title='bbox 1100 1030 1333 1091; x_wconf 89' lang='lat' dir='ltr'>natura</span> <span class='ocrx_word' id='word_1_81' title='bbox 1376 1026 1513 1091; x_wconf 87' lang='lat' dir='ltr'>fera</span> <span class='ocrx_word' id='word_1_82' title='bbox 1559 1048 1633 1091; x_wconf 92' lang='lat' dir='ltr'>ac</span> <span class='ocrx_word' id='word_1_83' title='bbox 1674 1027 1895 1092; x_wconf 85' lang='lat' dir='ltr'>rabida</span> <span class='ocrx_word' id='word_1_84' title='bbox 1932 1032 2107 1111; x_wconf 85' lang='lat' dir='ltr'>sunt,</span> <span class='ocrx_word' id='word_1_85' title='bbox 2154 1049 2303 1093; x_wconf 91' lang='lat' dir='ltr'>con—</span> 
     </span>
     <span class='ocr_line' id='line_1_12' title="bbox 253 1113 2371 1203; baseline 0 -22"><span class='ocrx_word' id='word_1_86' title='bbox 253 1119 624 1181; x_wconf 87' lang='lat' dir='ltr'>sternantur</span> <span class='ocrx_word' id='word_1_87' title='bbox 669 1115 750 1180; x_wconf 89' lang='lat' dir='ltr'>ad</span> <span class='ocrx_word' id='word_1_88' title='bbox 795 1136 978 1179; x_wconf 87' lang='lat' dir='ltr'>vana.</span> <span class='ocrx_word' id='word_1_89' title='bbox 1050 1113 1220 1180; x_wconf 85' lang='lat' dir='ltr'>idein</span> <span class='ocrx_word' id='word_1_90' title='bbox 1266 1115 1573 1199; x_wconf 83' lang='lat' dir='ltr'>inquietis</span> <span class='ocrx_word' id='word_1_91' title='bbox 1620 1119 1685 1179; x_wconf 85' lang='lat' dir='ltr'>et</span> <span class='ocrx_word' id='word_1_92' title='bbox 1730 1114 1981 1181; x_wconf 84' lang='lat' dir='ltr'>stolidis</span> <span class='ocrx_word' id='word_1_93' title='bbox 2025 1118 2301 1203; x_wconf 85' lang='lat' dir='ltr'>ingeniis</span> <span class='ocrx_word' id='word_1_94' title='bbox 2339 1133 2371 1180; x_wconf 80' lang='lat'>2</span> 
     </span>
     <span class='ocr_line' id='line_1_13' title="bbox 251 1204 2303 1289; baseline -0 -19"><span class='ocrx_word' id='word_1_95' title='bbox 251 1206 495 1271; x_wconf 89' lang='lat' dir='ltr'>evenit:</span> <span class='ocrx_word' id='word_1_96' title='bbox 557 1226 772 1269; x_wconf 90' lang='lat' dir='ltr'>rerum</span> <span class='ocrx_word' id='word_1_97' title='bbox 837 1204 1202 1289; x_wconf 86' lang='lat' dir='ltr'>suspicione</span> <span class='ocrx_word' id='word_1_98' title='bbox 1259 1205 1605 1288; x_wconf 85' lang='lat' dir='ltr'>feriuntur,</span> <span class='ocrx_word' id='word_1_99' title='bbox 1665 1205 1824 1269; x_wconf 89' lang='lat' dir='ltr'>adeo</span> <span class='ocrx_word' id='word_1_100' title='bbox 1886 1206 2169 1289; x_wconf 86' lang='lat' dir='ltr'>quidem,</span> <span class='ocrx_word' id='word_1_101' title='bbox 2230 1210 2303 1270; x_wconf 90' lang='lat' dir='ltr'>ut</span> 
     </span>
     <span class='ocr_line' id='line_1_14' title="bbox 251 1293 2301 1377; baseline 0 -18"><span class='ocrx_word' id='word_1_102' title='bbox 251 1293 580 1359; x_wconf 89' lang='lat' dir='ltr'>interdum</span> <span class='ocrx_word' id='word_1_103' title='bbox 638 1293 906 1359; x_wconf 88' lang='lat' dir='ltr'>iniurias</span> <span class='ocrx_word' id='word_1_104' title='bbox 965 1297 1208 1364; x_wconf 90' lang='lat' dir='ltr'>vocent</span> <span class='ocrx_word' id='word_1_105' title='bbox 1253 1294 1524 1362; x_wconf 89' lang='lat' dir='ltr'>modica</span> <span class='ocrx_word' id='word_1_106' title='bbox 1561 1293 1898 1377; x_wconf 87' lang='lat' dir='ltr'>beneficia,</span> <span class='ocrx_word' id='word_1_107' title='bbox 1954 1294 2023 1358; x_wconf 90' lang='lat' dir='ltr'>in</span> <span class='ocrx_word' id='word_1_108' title='bbox 2070 1294 2301 1377; x_wconf 89' lang='lat' dir='ltr'>quibus</span> 
     </span>
     <span class='ocr_line' id='line_1_15' title="bbox 252 1382 2302 1487; baseline -0 -40"><span class='ocrx_word' id='word_1_109' title='bbox 252 1382 800 1487; x_wconf 55' lang='lat' dir='ltr'>frequentissima!</span> <span class='ocrx_word' id='word_1_110' title='bbox 838 1386 1008 1449; x_wconf 90' lang='lat' dir='ltr'>certe</span> <span class='ocrx_word' id='word_1_111' title='bbox 1045 1384 1457 1449; x_wconf 88' lang='lat' dir='ltr'>acerbissima</span> <span class='ocrx_word' id='word_1_112' title='bbox 1493 1382 1858 1448; x_wconf 87' lang='lat' dir='ltr'>iracundiae</span> <span class='ocrx_word' id='word_1_113' title='bbox 1895 1385 2162 1448; x_wconf 86' lang='lat' dir='ltr'>materia</span> <span class='ocrx_word' id='word_1_114' title='bbox 2190 1388 2302 1447; x_wconf 90' lang='lat' dir='ltr'>est.</span> 
     </span>
    </p>

    <p class='ocr_par' dir='ltr' id='par_1_5' title="bbox 157 1471 2376 2893">
     <span class='ocr_line' id='line_1_16' title="bbox 157 1471 2305 1556; baseline 0.002 -25"><span class='ocrx_word' id='word_1_115' title='bbox 157 1490 214 1531; x_wconf 71' lang='grc' dir='ltr'>ιτ,</span> <span class='ocrx_word' id='word_1_116' title='bbox 253 1472 624 1538; x_wconf 89' lang='lat' dir='ltr'>carissumis</span> <span class='ocrx_word' id='word_1_117' title='bbox 689 1472 860 1537; x_wconf 90' lang='lat' dir='ltr'>enim</span> <span class='ocrx_word' id='word_1_118' title='bbox 923 1473 1287 1555; x_wconf 86' lang='lat' dir='ltr'>irascimur,</span> <span class='ocrx_word' id='word_1_119' title='bbox 1353 1472 1526 1556; x_wconf 89' lang='lat' dir='ltr'>quod</span> <span class='ocrx_word' id='word_1_120' title='bbox 1580 1473 1833 1538; x_wconf 87' lang='lat' dir='ltr'>minora</span> <span class='ocrx_word' id='word_1_121' title='bbox 1885 1471 2074 1537; x_wconf 89' lang='lat' dir='ltr'>nobis</span> <span class='ocrx_word' id='word_1_122' title='bbox 2126 1494 2305 1556; x_wconf 87' lang='lat' dir='ltr'>prae·</span> 
     </span>
     <span class='ocr_line' id='line_1_17' title="bbox 253 1559 2331 1649; baseline 0 -24"><span class='ocrx_word' id='word_1_123' title='bbox 253 1562 539 1626; x_wconf 88' lang='lat' dir='ltr'>stiterint</span> <span class='ocrx_word' id='word_1_124' title='bbox 585 1583 780 1645; x_wconf 90' lang='lat' dir='ltr'>quam</span> <span class='ocrx_word' id='word_1_125' title='bbox 825 1564 1036 1625; x_wconf 87' lang='lat' dir='ltr'>mente</span> <span class='ocrx_word' id='word_1_126' title='bbox 1083 1562 1564 1644; x_wconf 88' lang='lat' dir='ltr'>conceperimus</span> <span class='ocrx_word' id='word_1_127' title='bbox 1613 1582 1932 1643; x_wconf 90' lang='lat' dir='ltr'>quamque</span> <span class='ocrx_word' id='word_1_128' title='bbox 1980 1559 2091 1625; x_wconf 88' lang='lat' dir='ltr'>alii</span> <span class='ocrx_word' id='word_1_129' title='bbox 2144 1560 2331 1649; x_wconf 31' lang='lat' dir='ltr'>tale--</span> 
     </span>
     <span class='ocr_line' id='line_1_18' title="bbox 251 1649 2373 1735; baseline 0 -21"><span class='ocrx_word' id='word_1_130' title='bbox 251 1650 415 1733; x_wconf 86' lang='lat' dir='ltr'>rint,</span> <span class='ocrx_word' id='word_1_131' title='bbox 460 1671 608 1715; x_wconf 89' lang='lat' dir='ltr'>cum</span> <span class='ocrx_word' id='word_1_132' title='bbox 653 1650 989 1733; x_wconf 90' lang='lat' dir='ltr'>utriusque</span> <span class='ocrx_word' id='word_1_133' title='bbox 1033 1649 1127 1714; x_wconf 87' lang='lat' dir='ltr'>rei</span> <span class='ocrx_word' id='word_1_134' title='bbox 1172 1653 1470 1732; x_wconf 87' lang='lat' dir='ltr'>paratum</span> <span class='ocrx_word' id='word_1_135' title='bbox 1515 1650 1867 1713; x_wconf 89' lang='lat' dir='ltr'>remedium</span> <span class='ocrx_word' id='word_1_136' title='bbox 1914 1650 2012 1714; x_wconf 88' lang='lat' dir='ltr'>sit.</span> <span class='ocrx_word' id='word_1_137' title='bbox 2097 1651 2303 1735; x_wconf 84' lang='lat' dir='ltr'>magis</span> <span class='ocrx_word' id='word_1_138' title='bbox 2342 1666 2373 1714; x_wconf 87' lang='lat'><strong>3</strong></span> 
     </span>
     <span class='ocr_line' id='line_1_19' title="bbox 253 1738 2304 1822; baseline -0.001 -18"><span class='ocrx_word' id='word_1_139' title='bbox 253 1738 446 1804; x_wconf 85' lang='lat' dir='ltr'>alteri</span> <span class='ocrx_word' id='word_1_140' title='bbox 489 1738 786 1803; x_wconf 86' lang='lat' dir='ltr'>indulsit:</span> <span class='ocrx_word' id='word_1_141' title='bbox 830 1741 1053 1803; x_wconf 90' lang='lat' dir='ltr'>nostra</span> <span class='ocrx_word' id='word_1_142' title='bbox 1097 1759 1217 1803; x_wconf 88' lang='lat' dir='ltr'>nos</span> <span class='ocrx_word' id='word_1_143' title='bbox 1264 1738 1400 1801; x_wconf 91' lang='lat' dir='ltr'>sine</span> <span class='ocrx_word' id='word_1_144' title='bbox 1444 1738 1923 1821; x_wconf 87' lang='lat' dir='ltr'>comparatione</span> <span class='ocrx_word' id='word_1_145' title='bbox 1961 1738 2304 1822; x_wconf 83' lang='lat' dir='ltr'>delectent3</span> 
     </span>
     <span class='ocr_line' id='line_1_20' title="bbox 251 1826 2302 1912; baseline -0 -19"><span class='ocrx_word' id='word_1_146' title='bbox 251 1847 612 1911; x_wconf 88' lang='lat' dir='ltr'>numquam</span> <span class='ocrx_word' id='word_1_147' title='bbox 671 1827 793 1892; x_wconf 87' lang='lat' dir='ltr'>erit</span> <span class='ocrx_word' id='word_1_148' title='bbox 850 1826 1032 1911; x_wconf 86' lang='lat' dir='ltr'>felix,</span> <span class='ocrx_word' id='word_1_149' title='bbox 1093 1847 1285 1912; x_wconf 91' lang='lat' dir='ltr'>quem</span> <span class='ocrx_word' id='word_1_150' title='bbox 1344 1826 1673 1910; x_wconf 84' lang='lat' dir='ltr'>torquebit</span> <span class='ocrx_word' id='word_1_151' title='bbox 1730 1827 1999 1892; x_wconf 86' lang='lat' dir='ltr'>felicior.</span> <span class='ocrx_word' id='word_1_152' title='bbox 2089 1828 2302 1892; x_wconf 89' lang='lat' dir='ltr'>minus</span> 
     </span>
     <span class='ocr_line' id='line_1_21' title="bbox 157 1915 2303 2001; baseline 0.002 -25"><span class='ocrx_word' id='word_1_153' title='bbox 157 1936 216 1976; x_wconf 73' lang='lat' dir='ltr'>so</span> <span class='ocrx_word' id='word_1_154' title='bbox 254 1916 466 1982; x_wconf 87' lang='lat' dir='ltr'>habeo</span> <span class='ocrx_word' id='word_1_155' title='bbox 528 1938 721 2000; x_wconf 87' lang='lat' dir='ltr'>quam</span> <span class='ocrx_word' id='word_1_156' title='bbox 781 1916 1060 2001; x_wconf 84' lang='lat' dir='ltr'>speravi:</span> <span class='ocrx_word' id='word_1_157' title='bbox 1126 1916 1236 1980; x_wconf 88' lang='lat' dir='ltr'>sed</span> <span class='ocrx_word' id='word_1_158' title='bbox 1289 1916 1563 1982; x_wconf 83' lang='lat' dir='ltr'>fortasse</span> <span class='ocrx_word' id='word_1_159' title='bbox 1614 1917 1763 2000; x_wconf 89' lang='lat' dir='ltr'>plus</span> <span class='ocrx_word' id='word_1_160' title='bbox 1811 1915 2062 2000; x_wconf 79' lang='lat' dir='ltr'>speravi</span> <span class='ocrx_word' id='word_1_161' title='bbox 2111 1939 2303 2000; x_wconf 90' lang='lat' dir='ltr'>quam</span> 
     </span>
     <span class='ocr_line' id='line_1_22' title="bbox 255 2005 2305 2091; baseline -0.001 -19"><span class='ocrx_word' id='word_1_162' title='bbox 255 2005 467 2072; x_wconf 88' lang='lat' dir='ltr'>debui.</span> <span class='ocrx_word' id='word_1_163' title='bbox 577 2005 736 2071; x_wconf 85' lang='lat' dir='ltr'>haec</span> <span class='ocrx_word' id='word_1_164' title='bbox 798 2027 948 2091; x_wconf 87' lang='lat' dir='ltr'>pars</span> <span class='ocrx_word' id='word_1_165' title='bbox 1012 2006 1288 2070; x_wconf 84' lang='lat' dir='ltr'>maxime</span> <span class='ocrx_word' id='word_1_166' title='bbox 1352 2005 1693 2071; x_wconf 88' lang='lat' dir='ltr'>metuenda</span> <span class='ocrx_word' id='word_1_167' title='bbox 1756 2009 1880 2089; x_wconf 89' lang='lat' dir='ltr'>est,</span> <span class='ocrx_word' id='word_1_168' title='bbox 1948 2007 2102 2072; x_wconf 90' lang='lat' dir='ltr'>hinc</span> <span class='ocrx_word' id='word_1_169' title='bbox 2165 2027 2305 2090; x_wconf 91' lang='lat' dir='ltr'>per-</span> 
     </span>
     <span class='ocr_line' id='line_1_23' title="bbox 253 2095 2304 2180; baseline 0 -20"><span class='ocrx_word' id='word_1_170' title='bbox 253 2095 722 2161; x_wconf 81' lang='lat' dir='ltr'>niciosissimae</span> <span class='ocrx_word' id='word_1_171' title='bbox 786 2095 918 2160; x_wconf 87' lang='lat' dir='ltr'>irae</span> <span class='ocrx_word' id='word_1_172' title='bbox 981 2097 1335 2161; x_wconf 83' lang='lat' dir='ltr'>nascuntur</span> <span class='ocrx_word' id='word_1_173' title='bbox 1407 2099 1471 2159; x_wconf 92' lang='lat' dir='ltr'>et</span> <span class='ocrx_word' id='word_1_174' title='bbox 1544 2095 1947 2163; x_wconf 87' lang='lat' dir='ltr'>sanctissima</span> <span class='ocrx_word' id='word_1_175' title='bbox 2013 2117 2304 2180; x_wconf 89' lang='lat' dir='ltr'>quaeque</span> 
     </span>
     <span class='ocr_line' id='line_1_24' title="bbox 255 2182 2376 2269; baseline -0.001 -19"><span class='ocrx_word' id='word_1_176' title='bbox 255 2186 612 2250; x_wconf 82' lang='lat' dir='ltr'>invasurae.</span> <span class='ocrx_word' id='word_1_177' title='bbox 732 2184 952 2249; x_wconf 90' lang='lat' dir='ltr'>divum</span> <span class='ocrx_word' id='word_1_178' title='bbox 1023 2182 1263 2250; x_wconf 82' lang='lat' dir='ltr'>Iulium</span> <span class='ocrx_word' id='word_1_179' title='bbox 1336 2184 1553 2269; x_wconf 85' lang='lat' dir='ltr'>plures</span> <span class='ocrx_word' id='word_1_180' title='bbox 1626 2186 1818 2250; x_wconf 88' lang='lat' dir='ltr'>amici</span> <span class='ocrx_word' id='word_1_181' title='bbox 1892 2185 2305 2250; x_wconf 87' lang='lat' dir='ltr'>confecerunt</span> <span class='ocrx_word' id='word_1_182' title='bbox 2343 2201 2376 2247; x_wconf 85' lang='lat'>4</span> 
     </span>
     <span class='ocr_line' id='line_1_25' title="bbox 234 2273 2303 2359; baseline -0 -21"><span class='ocrx_word' id='word_1_183' title='bbox 234 2274 456 2359; x_wconf 73' lang='lat' dir='ltr'>&#39;quam</span> <span class='ocrx_word' id='word_1_184' title='bbox 493 2273 766 2354; x_wconf 84' lang='lat' dir='ltr'>inimici,</span> <span class='ocrx_word' id='word_1_185' title='bbox 805 2295 1079 2357; x_wconf 89' lang='lat' dir='ltr'>quorum</span> <span class='ocrx_word' id='word_1_186' title='bbox 1114 2294 1249 2337; x_wconf 91' lang='lat' dir='ltr'>non</span> <span class='ocrx_word' id='word_1_187' title='bbox 1286 2274 1653 2356; x_wconf 85' lang='lat' dir='ltr'>expleverat</span> <span class='ocrx_word' id='word_1_188' title='bbox 1690 2296 1834 2358; x_wconf 89' lang='lat' dir='ltr'>spes</span> <span class='ocrx_word' id='word_1_189' title='bbox 1868 2274 2303 2357; x_wconf 77' lang='lat' dir='ltr'>inexplebiles,</span> 
     </span>
     <span class='ocr_line' id='line_1_26' title="bbox 158 2361 2303 2446; baseline 0.004 -26"><span class='ocrx_word' id='word_1_190' title='bbox 158 2381 218 2421; x_wconf 66' lang='grc' dir='ltr'>ιε</span> <span class='ocrx_word' id='word_1_191' title='bbox 257 2362 471 2427; x_wconf 89' lang='lat' dir='ltr'>voluit</span> <span class='ocrx_word' id='word_1_192' title='bbox 517 2361 774 2446; x_wconf 90' lang='lat' dir='ltr'>quidem</span> <span class='ocrx_word' id='word_1_193' title='bbox 820 2361 930 2426; x_wconf 90' lang='lat' dir='ltr'>ille</span> <span class='ocrx_word' id='word_1_194' title='bbox 979 2398 1069 2408; x_wconf 92' lang='grc'>--</span> <span class='ocrx_word' id='word_1_195' title='bbox 1111 2382 1321 2445; x_wconf 91' lang='lat' dir='ltr'>neque</span> <span class='ocrx_word' id='word_1_196' title='bbox 1368 2361 1539 2426; x_wconf 89' lang='lat' dir='ltr'>enim</span> <span class='ocrx_word' id='word_1_197' title='bbox 1586 2361 1930 2446; x_wconf 90' lang='lat' dir='ltr'>quisquam</span> <span class='ocrx_word' id='word_1_198' title='bbox 1973 2362 2303 2428; x_wconf 85' lang='lat' dir='ltr'>liberalius</span> 
     </span>
     <span class='ocr_line' id='line_1_27' title="bbox 254 2450 2305 2534; baseline -0.001 -19"><span class='ocrx_word' id='word_1_199' title='bbox 254 2450 536 2516; x_wconf 87' lang='lat' dir='ltr'>victoria</span> <span class='ocrx_word' id='word_1_200' title='bbox 599 2472 752 2515; x_wconf 90' lang='lat' dir='ltr'>usus</span> <span class='ocrx_word' id='word_1_201' title='bbox 817 2453 940 2533; x_wconf 89' lang='lat' dir='ltr'>est,</span> <span class='ocrx_word' id='word_1_202' title='bbox 1004 2471 1085 2514; x_wconf 82' lang='lat' dir='ltr'>ex</span> <span class='ocrx_word' id='word_1_203' title='bbox 1147 2471 1275 2534; x_wconf 88' lang='lat' dir='ltr'>qua</span> <span class='ocrx_word' id='word_1_204' title='bbox 1335 2450 1505 2514; x_wconf 89' lang='lat' dir='ltr'>nihil</span> <span class='ocrx_word' id='word_1_205' title='bbox 1568 2450 1691 2515; x_wconf 88' lang='lat' dir='ltr'>sibi</span> <span class='ocrx_word' id='word_1_206' title='bbox 1754 2450 2107 2515; x_wconf 86' lang='lat' dir='ltr'>vindicavit</span> <span class='ocrx_word' id='word_1_207' title='bbox 2178 2452 2305 2515; x_wconf 89' lang='lat' dir='ltr'>nisi</span> 
     </span>
     <span class='ocr_line' id='line_1_28' title="bbox 257 2538 2304 2625; baseline -0.001 -21"><span class='ocrx_word' id='word_1_208' title='bbox 257 2539 676 2625; x_wconf 88' lang='lat' dir='ltr'>dispensandi</span> <span class='ocrx_word' id='word_1_209' title='bbox 721 2542 1230 2623; x_wconf 83' lang='lat' dir='ltr'>potestatem—</span> <span class='ocrx_word' id='word_1_210' title='bbox 1229 2539 1397 2622; x_wconf 88' lang='lat' dir='ltr'>‚sed</span> <span class='ocrx_word' id='word_1_211' title='bbox 1434 2539 1973 2624; x_wconf 88' lang='lat' dir='ltr'>quemadmodum</span> <span class='ocrx_word' id='word_1_212' title='bbox 2012 2538 2304 2605; x_wconf 86' lang='lat' dir='ltr'>sufficere</span> 
     </span>
     <span class='ocr_line' id='line_1_29' title="bbox 256 2627 2304 2714; baseline 0 -20"><span class='ocrx_word' id='word_1_213' title='bbox 256 2634 396 2694; x_wconf 86' lang='lat' dir='ltr'>tam</span> <span class='ocrx_word' id='word_1_214' title='bbox 461 2627 773 2714; x_wconf 89' lang='lat' dir='ltr'>improbis</span> <span class='ocrx_word' id='word_1_215' title='bbox 839 2627 1166 2694; x_wconf 89' lang='lat' dir='ltr'>desideriis</span> <span class='ocrx_word' id='word_1_216' title='bbox 1231 2631 1479 2712; x_wconf 88' lang='lat' dir='ltr'>posset,</span> <span class='ocrx_word' id='word_1_217' title='bbox 1547 2648 1702 2694; x_wconf 82' lang='grc' dir='ltr'>οιιιιι</span> <span class='ocrx_word' id='word_1_218' title='bbox 1765 2631 2017 2694; x_wconf 86' lang='lat' dir='ltr'>tantum</span> <span class='ocrx_word' id='word_1_219' title='bbox 2084 2650 2304 2694; x_wconf 89' lang='lat' dir='ltr'>omnes</span> 
     </span>
     <span class='ocr_line' id='line_1_30' title="bbox 259 2717 2375 2803; baseline -0 -20"><span class='ocrx_word' id='word_1_220' title='bbox 259 2719 817 2802; x_wconf 86' lang='lat' dir='ltr'>concupiscerent,</span> <span class='ocrx_word' id='word_1_221' title='bbox 879 2720 1190 2801; x_wconf 87' lang='lat' dir='ltr'>quantum</span> <span class='ocrx_word' id='word_1_222' title='bbox 1248 2739 1418 2783; x_wconf 87' lang='lat' dir='ltr'>unus</span> <span class='ocrx_word' id='word_1_223' title='bbox 1476 2718 1775 2802; x_wconf 81' lang='lat' dir='ltr'>poterat?</span> <span class='ocrx_word' id='word_1_224' title='bbox 1865 2717 2029 2782; x_wconf 89' lang='lat' dir='ltr'>vidit</span> <span class='ocrx_word' id='word_1_225' title='bbox 2086 2717 2305 2803; x_wconf 87' lang='lat' dir='ltr'>itaque</span> <span class='ocrx_word' id='word_1_226' title='bbox 2344 2735 2375 2782; x_wconf 79' lang='lat'>5</span> 
     </span>
     <span class='ocr_line' id='line_1_31' title="bbox 159 2805 2304 2893; baseline 0.001 -26"><span class='ocrx_word' id='word_1_227' title='bbox 159 2825 222 2867; x_wconf 78' lang='grc' dir='ltr'><strong><em>ω</em></strong></span> <span class='ocrx_word' id='word_1_228' title='bbox 259 2807 503 2872; x_wconf 86' lang='lat' dir='ltr'>strictis</span> <span class='ocrx_word' id='word_1_229' title='bbox 562 2807 734 2872; x_wconf 88' lang='lat' dir='ltr'>circa</span> <span class='ocrx_word' id='word_1_230' title='bbox 791 2806 1012 2871; x_wconf 90' lang='lat' dir='ltr'>sellam</span> <span class='ocrx_word' id='word_1_231' title='bbox 1073 2827 1254 2872; x_wconf 86' lang='lat' dir='ltr'>suam</span> <span class='ocrx_word' id='word_1_232' title='bbox 1314 2806 1547 2893; x_wconf 85' lang='lat' dir='ltr'>gladiis</span> <span class='ocrx_word' id='word_1_233' title='bbox 1606 2805 2079 2872; x_wconf 89' lang='lat' dir='ltr'>commilitones</span> <span class='ocrx_word' id='word_1_234' title='bbox 2133 2827 2304 2888; x_wconf 91' lang='lat' dir='ltr'>suos,</span> 
     </span>
    </p>
   </div>
   <div class='ocr_carea' id='block_1_4' title="bbox 253 2997 2312 3494">
    <p class='ocr_par' dir='ltr' id='par_1_6' title="bbox 253 2997 2312 3494">
     <span class='ocr_line' id='line_1_32' title="bbox 439 2997 2305 3070; baseline 0 -18"><span class='ocrx_word' id='word_1_235' title='bbox 439 2997 476 3052; x_wconf 77' lang='lat'>2</span> <span class='ocrx_word' id='word_1_236' title='bbox 511 2997 722 3066; x_wconf 86' lang='lat' dir='ltr'>iniquis</span> <span class='ocrx_word' id='word_1_237' title='bbox 757 3015 922 3053; x_wconf 87' lang='lat' dir='ltr'>sumu</span> <span class='ocrx_word' id='word_1_238' title='bbox 958 2998 1042 3054; x_wconf 81' lang='lat' dir='ltr'>A²</span> <span class='ocrx_word' id='word_1_239' title='bbox 1077 3005 1142 3055; x_wconf 75' lang='lat' dir='ltr'>ut</span> <span class='ocrx_word' id='word_1_240' title='bbox 1174 2999 1323 3066; x_wconf 65' lang='lat' dir='ltr'>vid„-</span> <span class='ocrx_word' id='word_1_241' title='bbox 1307 2997 1714 3068; x_wconf 64' lang='lat' dir='ltr'>iniquissimi:</span> <span class='ocrx_word' id='word_1_242' title='bbox 1751 2998 1835 3055; x_wconf 74' lang='lat' dir='ltr'>A‘</span> <span class='ocrx_word' id='word_1_243' title='bbox 1875 2998 1897 3070; x_wconf 90' lang='grc' dir='ltr'>ΙΙ</span> <span class='ocrx_word' id='word_1_244' title='bbox 1946 2997 2019 3053; x_wconf 80' lang='grc'>15</span> <span class='ocrx_word' id='word_1_245' title='bbox 2064 2997 2305 3053; x_wconf 85' lang='lat' dir='ltr'>carissu-</span> 
     </span>
     <span class='ocr_line' id='line_1_33' title="bbox 259 3041 2305 3143; baseline 0 -19"><span class='ocrx_word' id='word_1_246' title='bbox 259 3070 372 3124; x_wconf 86' lang='lat' dir='ltr'>mis</span> <span class='ocrx_word' id='word_1_247' title='bbox 399 3068 501 3136; x_wconf 53' lang='lat' dir='ltr'>AB</span> <span class='ocrx_word' id='word_1_248' title='bbox 535 3069 632 3125; x_wconf 72' lang='lat' dir='ltr'>sed</span> <span class='ocrx_word' id='word_1_249' title='bbox 663 3087 705 3123; x_wconf 92' lang='grc' dir='ltr'>ιι</span> <span class='ocrx_word' id='word_1_250' title='bbox 739 3071 805 3125; x_wconf 73' lang='lat' dir='ltr'>in</span> <span class='ocrx_word' id='word_1_251' title='bbox 839 3070 864 3124; x_wconf 91' lang='grc' dir='ltr'>ι</span> <span class='ocrx_word' id='word_1_252' title='bbox 897 3071 1020 3125; x_wconf 85' lang='lat' dir='ltr'>rad</span> <span class='ocrx_word' id='word_1_253' title='bbox 1049 3087 1186 3126; x_wconf 80' lang='lat' dir='ltr'>corr.</span> <span class='ocrx_word' id='word_1_254' title='bbox 1223 3071 1245 3143; x_wconf 82' lang='grc' dir='ltr'>ΙΙ</span> <span class='ocrx_word' id='word_1_255' title='bbox 1279 3041 1352 3125; x_wconf 77' lang='lat'>1&#39;6</span> <span class='ocrx_word' id='word_1_256' title='bbox 1387 3071 1807 3139; x_wconf 83' lang='lat' dir='ltr'>conceperimus</span> <span class='ocrx_word' id='word_1_257' title='bbox 1848 3069 2224 3125; x_wconf 87' lang='lat' dir='ltr'>..tulerint</span> <span class='ocrx_word' id='word_1_258' title='bbox 2251 3070 2305 3125; x_wconf 87' lang='lat' dir='ltr'><em>L</em></span> 
     </span>
     <span class='ocr_line' id='line_1_34' title="bbox 258 3139 2307 3296; baseline -0.001 -29"><span class='ocrx_word' id='word_1_259' title='bbox 258 3141 636 3267; x_wconf 58' lang='grc' dir='ltr'>ιὲῗῗιὲῗῧῖ</span> <span class='ocrx_word' id='word_1_260' title='bbox 661 3182 722 3282; x_wconf 97' lang='grc' dir='ltr'>ξι</span> <span class='ocrx_word' id='word_1_261' title='bbox 731 3139 1045 3279; x_wconf 49' lang='grc' dir='ltr'>ωνᾞὲωᾞξ</span> <span class='ocrx_word' id='word_1_262' title='bbox 1067 3143 1615 3296; x_wconf 55' lang='grc' dir='ltr'>ιῖέιιῗὲἓθᾶιῗέἕιξχ</span> <span class='ocrx_word' id='word_1_263' title='bbox 1618 3140 2307 3284; x_wconf 46' lang='grc' dir='ltr'>ξηέῗῖἳῗιιῇαὲἵὲηὲ</span> 
     </span>
     <span class='ocr_line' id='line_1_35' title="bbox 261 3281 2306 3352; baseline -0 -14"><span class='ocrx_word' id='word_1_264' title='bbox 261 3282 438 3338; x_wconf 78' lang='lat' dir='ltr'>amici</span> <span class='ocrx_word' id='word_1_265' title='bbox 467 3282 831 3338; x_wconf 81' lang='lat' dir='ltr'>confecerunt</span> <span class='ocrx_word' id='word_1_266' title='bbox 858 3281 1035 3349; x_wconf 77' lang='lat' dir='ltr'><strong><em>A²L,·</em></strong></span> <span class='ocrx_word' id='word_1_267' title='bbox 1065 3290 1259 3352; x_wconf 75' lang='lat' dir='ltr'>postea</span> <span class='ocrx_word' id='word_1_268' title='bbox 1285 3283 1371 3339; x_wconf 74' lang='lat' dir='ltr'>A⁸</span> <span class='ocrx_word' id='word_1_269' title='bbox 1398 3283 1569 3337; x_wconf 86' lang='lat' dir='ltr'>amici</span> <span class='ocrx_word' id='word_1_270' title='bbox 1594 3283 1791 3339; x_wconf 78' lang='lat' dir='ltr'>delevit</span> <span class='ocrx_word' id='word_1_271' title='bbox 1814 3283 2061 3352; x_wconf 69' lang='lat' dir='ltr'>idemque</span> <span class='ocrx_word' id='word_1_272' title='bbox 2086 3283 2306 3337; x_wconf 74' lang='lat' dir='ltr'>verbum</span> 
     </span>
     <span class='ocr_line' id='line_1_36' title="bbox 253 3324 2312 3494; baseline -0 -85"><span class='ocrx_word' id='word_1_273' title='bbox 253 3352 784 3494; x_wconf 42' lang='lat' dir='ltr'>{cagacanfgcerunt</span> <span class='ocrx_word' id='word_1_274' title='bbox 816 3371 859 3410; x_wconf 79' lang='grc' dir='ltr'>ε.</span> <span class='ocrx_word' id='word_1_275' title='bbox 889 3371 938 3410; x_wconf 86' lang='lat' dir='ltr'>v.</span> <span class='ocrx_word' id='word_1_276' title='bbox 967 3324 1191 3410; x_wconf 76' lang='lat' dir='ltr'>addidit</span> <span class='ocrx_word' id='word_1_277' title='bbox 1222 3354 1246 3427; x_wconf 81' lang='grc' dir='ltr'>Η</span> <span class='ocrx_word' id='word_1_278' title='bbox 1284 3353 1354 3411; x_wconf 75' lang='grc'>27</span> <span class='ocrx_word' id='word_1_279' title='bbox 1393 3354 1771 3423; x_wconf 82' lang='lat' dir='ltr'>despensandi</span> <span class='ocrx_word' id='word_1_280' title='bbox 1797 3355 1854 3409; x_wconf 78' lang='grc' dir='ltr'><strong><em>Δ</em></strong></span> <span class='ocrx_word' id='word_1_281' title='bbox 1887 3353 1909 3426; x_wconf 83' lang='grc' dir='ltr'>ΙΙ</span> <span class='ocrx_word' id='word_1_282' title='bbox 1943 3353 2015 3408; x_wconf 78' lang='grc'>29</span> <span class='ocrx_word' id='word_1_283' title='bbox 2053 3353 2312 3474; x_wconf 75' lang='lat' dir='ltr'>quantus]</span> 
     </span>
    </p>
   </div>
  </div>
 </body>
</html>
