2544 3746
1054 35 1470 91 PRAEFATIO
2151 37 2282 92 XIII

237 185 522 246 milandis
558 187 778 247 codicis
814 186 1287 248 inconstantiam
1332 189 1571 248 secutus
1618 205 1751 249 sum
1792 191 1908 264 ita,
1953 192 2049 264 ut,
2104 188 2209 248 ubi
2246 185 2275 244 i

237 275 528 352 scriptum
589 280 724 337 erat
782 295 893 337 nec
953 277 1252 354 liquebat,
1315 279 1525 338 utrum
1584 277 1653 336 in
1715 297 1795 338 an
1856 279 1941 338 im
1996 276 2277 338 librarius

237 366 418 425 scribi
461 365 776 442 voluisset,
828 367 914 424 im
969 368 1110 427 ante
1157 367 1190 426 b
1234 384 1298 425 m
1332 385 1381 441 p
1428 385 1563 426 cum
1609 365 1849 428 Gertzio
1899 368 2279 444 praeferrem,

234 454 382 514 item
426 449 490 514 οὖ
535 456 604 514 in
648 473 800 531 cont,
844 455 948 516 sed
995 451 1030 514 ὅ
1071 474 1307 532 semper
1349 455 1415 514 in
1460 473 1569 515 con
1612 457 1920 517 solverem.

411 544 505 604 De
569 543 872 605 codicibus
936 537 1330 606 deterioribus
1387 535 1481 626 (ς)
1536 563 1658 605 non
1716 545 1908 606 habeo
1973 545 2133 622 quod
2192 543 2279 604 eis
2315 560 2349 601 ς

233 633 482 710 addam,
533 651 688 711 quae
727 632 905 694 Gertz
949 635 1015 694 in
1059 634 1248 711 praef.
1287 633 1427 693 edit.
1474 653 1621 696 suae
1666 637 1728 694 et
1770 634 1839 693 in
1874 633 2031 694 Berl.
2059 633 2278 694 Philol.

229 722 652 791 Wochenschr.
677 725 848 783 1889
886 744 944 800 p.
969 725 1049 783 37
1057 726 1096 782 2
1117 741 1207 799 sq.
1235 725 1299 782 et
1323 742 1515 801 nuper
1547 723 1749 783 Hense
1786 725 1852 783 in
1886 723 2074 801 praef.
2104 724 2276 800 epist.

231 812 496 873 Senecae
530 833 590 891 p.
619 813 787 872 XXV
814 831 902 890 sq.
930 815 995 872 et
1017 811 1275 872 XXXVI
1310 831 1399 890 sq.
1436 811 1763 890 prudenter
1804 812 2275 890 disputaverunt.

228 901 540 963 codicibus
585 902 679 962 his
723 902 1126 962 multifariam
1170 902 1468 979 corruptis
1514 904 1697 979 atque
1741 902 2123 980 interpolatis
2168 921 2277 962 nos

225 994 296 1050 in
357 990 772 1052 emendatione
830 991 1009 1070 plane
1069 1010 1270 1052 carere
1329 1010 1449 1051 non
1507 1010 1683 1068 posse
1742 992 1841 1053 vel
1898 1011 2057 1052 unus
2112 992 2276 1052 locus

226 1081 461 1141 clamat
512 1073 598 1162 (p.
633 1081 780 1158 118,
800 1075 900 1162 3),
960 1099 1083 1159 quo
1142 1081 1264 1141 duo
1319 1081 1504 1141 verba
1561 1084 1721 1142 certe
1774 1082 2064 1160 genuina,
2124 1100 2279 1158 quae

223 1171 296 1230 in
359 1169 424 1230 A
483 1189 606 1230 non
666 1171 978 1250 leguntur,
1048 1170 1114 1230 in
1175 1168 1480 1231 codicibus
1543 1170 1975 1232 recentioribus
2038 1173 2277 1232 servata
2390 1249 2395 1252 Ι
2457 1213 2460 1216 -

225 1262 392 1320 sunt.
481 1259 637 1319 illud
682 1279 923 1337 quoque
967 1260 1409 1320 concedendum
1452 1261 1547 1320 est
1587 1260 1753 1320 haud
1796 1278 1935 1320 raro
1976 1279 2095 1335 eos,
2143 1279 2277 1320 cum

222 1351 295 1409 in
351 1347 731 1428 gravioribus
784 1349 1018 1410 mendis
1072 1368 1209 1409 cum
1250 1347 1652 1410 Ambrosiano
1706 1350 1831 1409 iere
1882 1348 2275 1425 consentiant,

222 1440 295 1498 in
355 1438 682 1500 levioribus
733 1439 987 1499 meliora
1040 1439 1388 1499 servavisse.
1488 1457 1598 1498 nec
1650 1441 1856 1499 tamen
1908 1439 2049 1499 inde
2100 1438 2274 1499 colle-

224 1527 426 1606 gerim
479 1527 673 1588 denuo
728 1546 830 1590 eos
885 1530 949 1588 et
1002 1528 1343 1588 accuratius
1397 1528 1470 1587 ut
1513 1547 1546 1588 e
1592 1529 1860 1604 pleniore
1916 1547 1986 1588 ac
2034 1529 2275 1605 puriore

208 1619 400 1676 fonte
428 1616 730 1678 derivatos
756 1615 1220 1695 perscrutandos
1258 1635 1405 1678 esse.
1471 1617 1607 1694 quis
1646 1617 1806 1676 enim
1844 1635 1993 1694 opus
2030 1618 2276 1695 plenum

221 1706 423 1766 taedii
467 1708 653 1783 atque
697 1706 864 1767 aleae
911 1705 1230 1783 suscipiat,
1286 1723 1422 1766 cum
1465 1707 1731 1766 fructum
1775 1707 1981 1766 labore
2026 1707 2276 1785 dignum

222 1816 370 1856 eum
428 1796 852 1875 percepturum
909 1795 1185 1872 improba
1243 1813 1379 1872 spes
1440 1793 1561 1854 sit?
1623 1814 1818 1873 neque
1878 1795 2036 1856 enim
2090 1795 2273 1873 scrip-
2343 1807 2349 1814 ‘

221 1889 405 1945 turae
447 1886 590 1945 illae
635 1885 1068 1946 emendatiores
1118 1884 1184 1965 in
1229 1904 1354 1945 uno
1401 1886 1667 1946 alterove
1714 1885 1916 1945 codice
1940 1885 2275 1947 inveniun-

219 1978 362 2050 tur,
415 1975 524 2034 sed
574 1993 683 2051 per
735 1976 960 2035 multos
1013 1974 1200 2036 libros
1238 1973 1540 2051 dispersae
1586 1977 1755 2051 sunt,
1800 1994 1910 2035 nec
1953 1978 2083 2035 tam
2118 1974 2273 2034 diffi-

220 2063 373 2125 ciles
433 2065 576 2142 sunt
629 2064 908 2139 inventu,
965 2066 1040 2124 ut
1095 2064 1224 2124 veri
1283 2064 1573 2124 dissimile
1646 2066 1729 2124 sit
1782 2064 2083 2125 exstitisse
2128 2064 2274 2126 olim

217 2153 502 2213 homines
538 2152 781 2230 linguae
815 2153 1041 2213 latinae
1075 2154 1206 2212 tam
1245 2153 1490 2234 perito-s,
1532 2155 1607 2213 ut
1627 2154 1941 2231 ‚simplices
1978 2152 2276 2213 scribendi

219 2261 461 2303 errores
513 2242 725 2302 tollere
779 2244 1040 2320 possent.
1093 2244 1157 2303 in
1200 2260 1424 2321 magno
1461 2244 1663 2302 autem
1698 2243 1970 2304 codicum
2016 2241 2273 2302 Senecae

219 2348 481 2392 numero
525 2330 710 2391 libros
756 2332 901 2392 olim
945 2332 1130 2393 fuisse
1173 2330 1441 2391 melioris
1485 2334 1665 2391 notae
1700 2332 1901 2408 plures
1914 2376 1930 2407 ,
1976 2350 2007 2391 e
2053 2332 2273 2409 quibus

217 2420 422 2481 bonae
469 2420 610 2479 illae
653 2421 938 2480 lectiones
981 2419 1109 2497 peti
1152 2423 1426 2498 possent,
1470 2438 1592 2479 non
1629 2418 1957 2482 admodum
1992 2420 2271 2481 credibile

219 2509 487 2571 videtur.
551 2511 875 2586 utcumque
918 2528 1014 2569 res
1059 2527 1187 2571 sese
1230 2508 1443 2585 habet,
1487 2509 1567 2568 ad
1611 2509 1984 2569 emendanda
2020 2508 2269 2569 Ambro-

219 2598 388 2659 siani
433 2597 619 2658 verba
663 2618 737 2658 ex
779 2598 874 2657 his
921 2597 1222 2659 codicibus
1266 2598 1465 2658 multa
1509 2598 1736 2658 lucrari
1778 2618 1887 2659 nos
1932 2617 2106 2675 posse
2150 2617 2272 2659 non
2392 2614 2395 2616 ’
2456 2596 2465 2603 ’

219 2686 598 2747 crediderim.
707 2688 915 2764 itaque
987 2707 1059 2747 ex
1132 2690 1435 2766 apparatu
1504 2688 1776 2764 priorum
1838 2688 2139 2747 editorum
2201 2707 2273 2747 ea

218 2778 474 2836 tantum
539 2776 749 2855 selegi,
813 2795 970 2853 quae
1028 2776 1210 2836 utilia
1268 2794 1398 2837 esse
1456 2776 1842 2853 videbantur,
1906 2796 2015 2838 nec
2072 2779 2272 2856 sprevi

221 2883 386 2944 quae
441 2863 621 2925 Gertz
664 2884 737 2924 ex
787 2866 960 2925 libris
1007 2868 1186 2925 antea
1246 2864 1475 2943 ignotis
1535 2866 1763 2926 attulit.
1852 2868 1913 2925 et
1969 2866 2035 2926 in
2100 2866 2270 2927 libris

221 2953 473 3031 quidem
534 2953 607 3014 de
662 2954 758 3013 ira
815 2955 1055 3030 scriptis
1113 2955 1337 3014 multas
1392 2954 1679 3016 lectiones
1734 2954 1953 3015 codicis
2007 2954 2271 3014 Lauren-

219 3042 382 3102 tiani
428 3034 550 3122 (L)
599 3044 804 3118 76‚32
853 3061 1004 3103 saec.
1033 3043 1154 3103 XII
1199 3044 1298 3104 vel
1342 3042 1492 3102 XIII
1545 3044 1887 3120 adnotavit,
1942 3043 2083 3103 libri
2128 3063 2271 3104 sane
2308 3046 2361 3099 L

221 3132 616 3211 neglegenter
669 3132 879 3209 scripti
923 3135 987 3192 et
1027 3132 1280 3193 licenter
1321 3132 1699 3209 interpolati,
1752 3133 1819 3191 in
1864 3133 2270 3193 consolatione

223 3224 434 3280 antem
481 3221 561 3280 ad
605 3220 894 3281 Marciam
949 3221 1076 3281 cod.
1121 3222 1458 3282 Florentini
1504 3214 1657 3304 (F),
1713 3221 2001 3281 Laurent.
2042 3223 2145 3296 76,
2165 3224 2271 3297 41,
2308 3222 2369 3277 F

225 3328 375 3369 saec.
406 3310 540 3385 XV,
588 3329 706 3386 quo
762 3311 970 3370 eodem
1017 3311 1080 3369 in
1128 3311 1340 3388 primis
1377 3311 1670 3389 capitibus
1718 3311 2145 3371 consolationis
2192 3310 2270 3370 ad

223 3398 551 3477 Polybium
595 3401 856 3477 scriptae
899 3418 1042 3460 usus
1088 3403 1196 3461 est.
