2544 3746
516 84 616 139 AD
656 82 1083 139 GALLIONEM
1117 84 1216 140 DE
1253 82 1432 139 VITA
1466 84 1713 141 BEATA
1750 84 1903 141 CAP.
1937 92 2002 141 16
2148 88 2281 155 213

249 230 555 297 cultatem
615 229 774 297 sciet
829 230 1040 316 legem
1099 252 1236 297 esse
1293 235 1558 297 naturae
1618 234 1682 296 et
1726 234 1799 296 ut
1842 232 2049 298 bonus
2096 232 2281 299 miles

249 319 413 385 feret
454 319 740 404 volnera,
796 319 1159 385 numerabit
1211 320 1565 405 cicatrices,
1619 324 1684 385 et
1736 322 2282 387 transverberatus

248 408 395 477 telis
432 408 711 475 moriens
749 408 991 474 amabit
1025 430 1199 493 eum,
1236 430 1356 495 pro
1396 431 1524 493 quo
1562 409 1769 493 cadet,
1806 410 2283 495 imperatorem3

249 497 508 564 habebit
543 498 706 563 illud
741 498 813 562 in
847 498 1062 563 animo
1090 501 1275 563 vetus
1302 502 1741 584 praeceptum:
1778 498 1967 564 deum
1994 501 2283 584 sequere!

190 610 216 651 5
250 587 543 672 quisquis
602 590 819 653 autem
875 586 1164 670 queritur
1207 589 1271 652 et
1314 586 1529 671 plorat
1573 591 1637 652 et
1683 588 1912 673 gemit,
1974 588 2285 673 imperata

249 675 456 742 faeere
509 674 578 741 11
640 676 897 762 cogitur
957 678 1023 742 et
1084 676 1325 743 invitus
1388 677 1638 761 rapitur
1699 676 1780 741 ad
1842 676 2017 742 iussa
2076 678 2283 743 nihilo

250 765 478 831 minus.
571 784 734 848 quae
793 768 1006 830 autem
1062 764 1382 835 dementia
1444 770 1542 831 est
1593 766 1811 852 potius
1865 766 2035 831 trahi
2090 787 2285 852 quam

250 854 459 939 sequi!
546 856 681 919 tam
741 876 845 919 me
902 853 1194 922 hercules
1252 875 1446 939 quam
1505 855 1782 921 stultitia
1840 858 1906 920 et
1962 855 2283 941 ignoratio

251 942 646 1009 condicionis
691 946 790 1009 est
835 965 986 1011 suae
1031 943 1272 1027 dolere,
1321 944 1495 1029 quod
1541 944 1681 1009 dest
1725 943 1971 1029 aliquid
2015 944 2136 1010 tibi
2172 946 2287 1011 aut

163 1056 216 1097 ιο
249 1032 478 1098 incidit
522 1032 770 1116 durius,
818 1052 1017 1116 aeque
1064 1034 1283 1097 mirari
1330 1036 1441 1097 aut
1478 1032 1740 1119 indigne
1775 1034 1939 1098 ferre
1977 1054 2052 1097 ea
2057 1083 2075 1118 ,
2124 1054 2285 1117 quae

249 1124 381 1187 tam
425 1122 615 1188 bonis
661 1121 961 1188 accidunt
1006 1142 1199 1207 quam
1245 1122 1459 1205 malis,
1518 1122 1778 1188 morbos
1825 1122 2000 1206 dice,
2042 1122 2285 1207 funera,

249 1210 608 1277 debilitates
663 1214 730 1275 et
781 1213 991 1276 cetera
1047 1232 1127 1281 ex
1169 1214 1533 1277 transverso
1579 1210 1649 1275 in
1692 1211 1893 1275 vitam
1936 1210 2285 1277 humanam

248 1299 656 1375 incurrentia.
736 1298 1044 1404 quicquid
1089 1322 1169 1365 ex
1211 1300 1496 1366 universi
1540 1300 1999 1365 constitutione
2044 1301 2287 1386 patien-

249 1388 405 1455 dum
440 1392 557 1474 est,
592 1409 826 1475 magno
865 1388 1252 1475 suscipiatur
1279 1389 1520 1456 animo:
1558 1389 1639 1455 ad
1665 1390 1793 1455 hoc
1819 1392 2287 1456 sacramentum

163 1498 215 1543 ιε
249 1477 461 1545 adacti
518 1499 768 1562 sumus,
826 1477 991 1543 ferre
1044 1478 1345 1543 mortalia
1388 1499 1508 1545 nec
1552 1477 1913 1563 perturbari
1957 1478 2064 1564 iis,
2124 1498 2286 1563 quae

248 1567 453 1633 vitare
497 1587 631 1633 non
667 1570 766 1634 est
799 1570 1057 1633 nostrae
1094 1567 1450 1652 potestatis.
1524 1567 1593 1631 in
1627 1588 1827 1653 regno
1864 1568 2002 1632 nati
2039 1588 2286 1643 sumus:

249 1655 369 1721 deo
414 1676 646 1740 parere
679 1655 942 1753 libertas
988 1658 1101 1722 est.

427 1760 600 1829 XVI.
672 1761 852 1849 Ergo
915 1763 985 1827 in
1045 1761 1286 1828 virtute
1347 1762 1560 1849 posita
1617 1765 1716 1828 est
1777 1784 1927 1827 vcra
1998 1762 2287 1841 felicitas.

251 1851 409 1938 quid
471 1851 629 1919 haec
689 1851 812 1918 tibi
869 1852 1074 1919 virtus
1139 1850 1474 1919 suadebit?
1561 1875 1642 1918 ne
1690 1852 1845 1937 quid
1890 1855 2001 1919 aut
2045 1853 2288 1919 bonum

161 1965 216 2006 ιο
249 1945 364 2008 aut
425 1943 670 2008 malum
735 1941 1087 2026 existimes,
1151 1941 1327 2026 quod
1387 1963 1507 2006 nec
1568 1943 1805 2006 virtute
1862 1963 1983 2008 nec
2039 1942 2289 2008 malitia

248 2031 599 2186 ἔιοιιωιὶπ.
693 2029 946 2183 deinde,
1004 2033 1085 2182 a}
1137 2029 1606 2203 sisestmldmbffis
1665 2033 1731 2095 et
1775 2034 2000 2096 contra
2043 2031 2287 2185 ιιὲώἒξι

248 2139 1045 2311 Ρ1οθιὴεὲῃοέκὲοι11ἓίἓξιο
1078 2140 1554 2295 a{iromiiztitgm
1590 2141 1888 2295 argentia
1949 2141 2289 2294 gizmaequsl

249 2297 516 2378 divinist
555 2296 725 2364 nihil
768 2297 1048 2383 cogeris,
1088 2297 1270 2363 nullo
1306 2296 1651 2384 indigebis,
1694 2296 1858 2363 liber
1893 2299 2045 2381 eris,
2086 2301 2288 2383 tutus,

159 2410 220 2453 25
249 2386 596 2490 indemnis;
653 2385 821 2452 1111111
860 2385 1118 2452 frustra
1170 2387 1542 2470 temptabis,
1603 2386 1769 2452 nihil
1822 2386 2288 2473 prohibeberis3

251 2477 472 2542 omnia
514 2475 636 2541 tibi
681 2497 762 2540 ex
801 2475 1116 2542 sententia
1151 2475 1405 2558 cedent,
1447 2473 1615 2540 nihil
1650 2474 1988 2542 adversum
2024 2475 2287 2560 accidet,

247 2563 419 2630 1111111
480 2567 704 2630 contra
763 2563 1132 2648 opinionem
1185 2584 1262 2630 ac
1321 2565 1737 2629 voluntatem.
1844 2563 2030 2649 quid
2090 2563 2289 2652 ergo?
2325 2581 2357 2630 ε

248 2654 458 2718 virtus
517 2652 599 2717 ad
656 2652 840 2718 beate
898 2652 1244 2719 vivendum
1305 2651 1620 2721 sufficit?
1711 2653 2007 2737 perfecta
2052 2653 2167 2718 illa
2225 2657 2289 2718 et

249 2742 472 2807 divina
526 2739 750 2826 quidni
805 2741 1112 2826 sufficiat,
1171 2741 1373 2806 immo
1431 2740 1824 2827 superfluat?
1915 2741 2071 2826 quid
2116 2741 2287 2807 enim

429 2949 466 3005 2
499 2909 738 3007 uulnera
775 2950 856 3005 A⁶
899 2950 1118 3009 uolneri
1148 2951 1234 3006 A¹
1272 2953 1282 3024 Ι
1332 2950 1687 3007 enumerabit
1712 2954 1764 3005 A
1809 2952 1905 3009 sed
1941 2968 1972 3007 e
2008 2953 2289 3008 addidisse

246 3022 364 3078 vid.
391 3037 539 3076 man.
567 3023 833 3078 recentior
855 3024 876 3095 ΙΙ
903 3021 982 3077 8·
963 3039 988 3076 1
989 3021 1247 3092 gnei-atio
1267 3023 1461 3078 Haase
1486 3021 1751 3093 ignorata
1777 3026 1830 3077 A
1856 3023 2183 3094 ignorantia
2208 3036 2245 3078 ς’
2268 3023 2290 3096 ΙΙ

248 3093 287 3149 9
333 3094 470 3148 tuae
515 3091 704 3149 dolere
746 3093 1033 3148 Κῐωηοπω·
1080 3091 1089 3166 Ι
1144 3092 1297 3162 quod
1334 3093 1461 3148 dest
1495 3093 1695 3178 (deest)
1735 3095 1973 3197 Madvig
2012 3094 2289 3180 quodlest

247 3166 306 3220 A
342 3163 364 3238 Η
399 3163 471 3219 10
495 3180 677 3236 aeque
702 3164 759 3219 A
786 3165 960 3234 atque
985 3109 1191 3222 Mad&
1257 3163 1280 3238 ΙΙ
1314 3163 1385 3219 12
1413 3098 1730 3222 debilitates
1755 3164 1837 3220 A⁶
1861 3165 1883 3239 ΙΙ
1917 3163 1990 3222 14
2015 3165 2289 3237 suscipia-

383 3237 578 3294 Haase
619 3254 730 3293 usu
773 3236 1048 3323 eripiatur
1082 3238 1136 3291 A
1255 3236 1330 3291 ad
1374 3237 1663 3294 delendum
1696 3244 1873 3294 censet
1910 3237 2130 3295 Gronov
2166 3239 2287 3295 coll.

249 3325 336 3380 ep.
375 3314 464 3377 95,
481 3312 554 3365 35
602 3308 624 3383 ΙΙ
670 3308 741 3364 21
791 3308 1148 3380 contingatur
1190 3307 1357 3364 Gertz
1399 3309 1519 3365 coll.
1556 3311 1707 3380 epist.
1748 3314 1834 3378 71,
1852 3313 1888 3365 5
1924 3316 1974 3366 et
2008 3313 2111 3378 33,-
2145 3314 2235 3377 66,
2252 3314 2290 3366 8

247 3383 382 3450 fort.
409 3387 548 3438 recte
579 3379 805 3510 ΙίΙκῗΑι
752 3383 812 3437 et
846 3381 975 3437 add.
1006 3375 1244 3452 Μαᾱθίρ
1277 3379 1299 3453 ΙΙ
1344 3379 1420 3435 24
1452 3379 1598 3437 liber
1632 3381 1740 3436 en's
1773 3351 1925 3437 ῡιῖῦιιε
1955 3381 2037 3434 A⁶
2071 3351 2289 3436 l'iberiis
