2544 3746
144 1068 198 1109 10

144 1513 197 1553 1⁶

145 1959 200 1998 20

142 2403 198 2444 ’Β

271 98 373 153 AD
403 96 758 154 SERENVM
783 96 883 151 DE
911 58 1556 163 TRANQVILLITATE
1576 95 1793 150 Auno
1822 95 1973 151 cAP.
1998 103 2061 151 11
2147 100 2277 166 265

412 240 522 308 XI.
597 240 702 308 Ad
761 242 1149 328 inperfectos
1210 245 1276 307 et
1336 242 1688 307 mediocres
1748 246 1814 307 et
1866 242 2034 306 male
2089 264 2279 308 sanos
2320 262 2347 309 1

231 332 341 399 hic
384 353 564 399 meus
612 354 823 398 sermo
868 331 1176 417 pertinet,
1219 351 1356 396 non
1399 331 1481 396 ad
1511 331 1883 416 sapientem.
1956 330 2113 397 huic
2145 354 2280 397 non

231 422 458 487 timide
512 444 634 487 nec
686 421 1147 506 pedetemptim
1193 420 1655 486 ambulandum
1702 425 1827 506 est;
1880 423 2062 485 tanta
2107 421 2279 486 enim

231 512 470 577 fiducia
529 512 631 578 sui
690 514 812 593 est,
876 515 951 576 ut
1010 510 1267 576 obviam
1328 510 1625 575 fortunae
1684 511 1779 577 ire
1836 533 1971 576 non
2031 510 2279 576 dubitet

231 622 350 667 nec
412 621 724 684 umquam
785 600 932 665 loco
987 600 1086 664 illi
1148 620 1441 676 cessurus
1503 600 1603 664 sit.
1709 622 1830 665 uec
1885 599 2107 683 habet,
2166 600 2280 665 ubi

231 690 414 755 illam
466 689 718 773 timeat,
775 690 927 773 quia
970 709 1106 753 uon
1149 688 1474 772 mancipia
1517 692 1773 753 tantum
1818 688 2282 774 possessiones-

233 800 357 862 que
403 782 470 852 et
521 777 932 864 dignitatem,
978 777 1090 844 sed
1135 798 1369 862 corpus
1416 798 1675 862 quoque
1713 799 1902 843 suum
1948 781 2013 842 et
2059 778 2281 843 oculos
2328 854 2331 856 Α

232 872 297 933 et
341 890 608 933 manum
654 871 719 933 et
766 867 1076 970 quicquid
1122 866 1434 932 cariorem
1471 867 1675 932 vitam
1711 867 1872 932 facit
1905 868 2045 930 viro
2086 889 2281 951 seque

231 956 448 1041 ipsum
495 958 664 1022 inter
706 957 994 1041 precaria
1035 960 1335 1021 numerat
1377 955 1667 1040 vivitque
1716 960 1792 1021 ut
1836 956 2281 1021 commodatus

233 1046 357 1112 sibi
404 1049 471 1111 et
513 1047 998 1149 reposcentibus
1045 1046 1182 1111 sine
1223 1046 1490 1111 tristitia
1525 1045 1908 1110 redditurus.
1982 1066 2101 1110 nec
2136 1046 2280 1111 ideo
2319 1062 2351 1111 2

233 1135 380 1201 vilis
436 1139 536 1200 est
579 1134 729 1218 sibi,
790 1136 940 1219 quia
987 1135 1110 1200 scit
1154 1157 1222 1199 se
1269 1157 1458 1199 suum
1504 1155 1638 1199 non
1686 1157 1853 1217 esse,
1909 1133 2021 1199 sed
2069 1135 2283 1199 omnia

233 1227 368 1289 tam
397 1224 741 1310 diligenter
764 1224 984 1307 faciet,
1022 1228 1158 1288 tam
1187 1224 1680 1308 circumspecte,
1718 1245 1911 1327 quam
1939 1223 2279 1310 religiosus

230 1313 432 1379 homo
493 1317 880 1397 sanctusque
926 1314 1093 1380 solet
1135 1314 1304 1378 tueri
1349 1313 1501 1378 fidei
1547 1315 1904 1378 commissa.
2001 1313 2281 1397 quando-

236 1424 360 1487 que
397 1406 614 1468 autem
647 1402 910 1467 reddere
946 1402 1298 1485 iubebitur,
1333 1424 1469 1467 non
1497 1406 1800 1486 queretur
1828 1424 1977 1467 cum
2003 1402 2280 1485 fortuna,

233 1491 344 1557 sed
392 1491 589 1557 dicet:
636 1491 907 1577 ‘gratias
953 1513 1076 1577 ago
1124 1512 1244 1574 pro
1283 1512 1389 1574 eo,
1435 1490 1609 1575 quod
1644 1491 1904 1575 possedi
1938 1491 2279 1575 habuique.
2320 1507 2351 1556 3

231 1601 470 1682 magna
533 1580 795 1664 quidem
852 1602 954 1646 res
1018 1584 1163 1645 tuas
1220 1580 1510 1645 mercede
1567 1580 1937 1663 colu1,sed
1995 1580 2147 1664 quia
2191 1580 2283 1646 ita

232 1669 512 1823 ΞΖΡἝ
520 1720 539 1753 ’
554 1670 682 1823 vssi‘
692 1718 745 1823 'e
770 1669 982 1823 ‘1³3de
988 1668 1654 1823 ῗῖῃᾞὲὼὲἓὲὲΐο
1710 1669 1777 1823 ἒξ
1820 1668 1997 1822 ἒιῖἐὲ
2046 1668 2281 1841 ὴῗέἔέξ

233 1868 356 1935 ego
403 1869 556 1914 vero
601 1781 847 1914 faldtilim
892 1782 1347 1934 sigilatumqi’ie
1383 1806 1753 1933 argentum,
1797 1780 2282 1913 domumpfami-

233 1939 520 2021 liamque
585 1959 794 2002 meam
853 1937 1077 2020 reddo,
1141 1935 1455 2002 restituo?
1566 1936 1991 2021 appellaverit
2050 1939 2284 2001 natura

235 2047 544 2181 3323:
543 2025 913 2180 201?ssssss
965 2024 1496 2198 ῗέἒὲῗᾟθῶἶιῗ
1496 2025 2284 2200 “2005331'23540230013132

233 2204 517 2290 refugi03
574 2208 871 2288 paratum
923 2203 1121 2270 habes
1177 2227 1216 2268 a
1268 2160 1527 2270 volente
1583 2203 1758 2289 quod
1800 2226 1937 2269 ιιοιι
1982 2204 2283 2269 sentienti

237 2293 496 2360 dedisti.
542 2293 764 2359 aufer?
851 2294 1088 2358 reverti
1149 2293 1321 2359 unde
1364 2293 1615 2358 veneris
1681 2293 1873 2396 quid
1898 2315 2092 2379 grave
2138 2293 2281 2359 est?
2318 2310 2353 2358 4

235 2384 405 2449 male
461 2383 640 2448 vivet
699 2383 990 2466 quisquis
1051 2383 1296 2448 nesciet
1351 2382 1514 2448 bene
1575 2383 1759 2448 mori
1849 2382 2004 2448 huic
2062 2384 2280 2467 itaque

234 2472 523 2557 primum
572 2471 668 2537 rei
710 2472 993 2556 pretium
1039 2471 1504 2536 detrahendum
1550 2475 1650 2537 est
1694 2474 1759 2536 et
1804 2471 2069 2557 spiritus
2115 2473 2283 2537 inter

418 2680 456 2736 4
491 2681 716 2737 dubitet
750 2685 810 2737 et
843 2698 950 2738 neo
977 2683 1033 2738 A
1067 2684 1163 2738 sed
1199 2685 1258 2738 et
1283 2685 1515 2752 punietis
1539 2689 1816 2750 notatum,
1844 2684 2041 2739 deinde
2068 2700 2285 2752 eram

233 2759 313 2810 eet
347 2753 370 2827 ΙΙ
402 2753 440 2808 8
474 2752 617 2808 facit
651 2753 796 2821 viro,
837 2769 896 2808 se
899 2770 1008 2823 que
1035 2754 1309 2810 Schultess
1343 2754 1597 2809 facturus
1626 2770 1722 2827 eq3
1752 2757 1809 2810 Α
1836 2759 1991 2826 (urus
2020 2769 2053 2827 e
2078 2757 2145 2810 in
2170 2773 2282 2811 ras

232 2825 332 2880 sed
374 2843 446 2880 m.
486 2828 540 2895 1)
591 2824 734 2880 facit
777 2842 910 2891 usu
960 2841 1135 2894 seque
1177 2826 1417 2896 Madviq
1464 2825 1607 2880 facit
1658 2828 1854 2881 acturo
1901 2843 2073 2896 seque
2116 2827 2283 2882 Gertz

233 2884 382 2951 facit
417 2911 588 2965 seque
625 2913 666 2951 e.
697 2896 814 2951 cod.
843 2897 1029 2952 Paris
1061 2899 1239 2952 15086
1265 2898 1548 2952 Rossbach
1594 2896 1616 2968 ΙΙ
1665 2897 1738 2951 10
1773 2896 2197 2966 reposcentibus
2226 2899 2282 2953 A

234 2967 406 3036 (quod
445 2967 610 3022 Gertz
652 2967 900 3034 defendit
941 2968 1246 3036 supplendo
1292 2985 1361 3022 ex
1404 2985 1514 3038 sqq.
1553 2967 1783 3023 fortuna
1828 2975 1881 3022 et
1919 2970 2146 3038 natura)
2198 2985 2283 3023 re-

232 3037 496 3106 poscenti
533 3054 592 3093 se
627 3039 943 3094 Feldmann
987 3039 1305 3107 reposcenti
1342 3038 1597 3093 debitum
1640 3040 1800 3094 Koch
1845 3039 1867 3112 11
1916 3039 1989 3094 13
2030 3040 2283 3109 q-uando

234 3125 350 3178 que
375 3111 433 3165 A
471 3110 940 3179 quandocumque
970 3110 1108 3180 voly.
1136 3109 1158 3182 ΙΙ
1194 3109 1265 3164 15
1294 3109 1447 3164 dicet
1481 3112 1618 3181 volq.
1650 3111 1792 3164 dicit
1818 3113 1875 3166 A
1900 3111 1923 3184 ΙΙ
1949 3111 2022 3165 16
2049 3111 2198 3166 colui
2224 3114 2282 3168 A

235 3180 512 3235 collocavi
546 3198 596 3235 v.
626 3182 678 3236 d.
707 3182 855 3236 Vliet
887 3183 894 3252 Ι
925 3182 1012 3235 ita
1040 3182 1254 3252 Rosiny
1290 3198 1381 3251 ap.
1411 3182 1769 3252 Madviyium
1805 3181 1909 3245 illa
1936 3184 1993 3237 A
2028 3183 2048 3254 ΙΙ
2082 3183 2151 3236 17
2192 3183 2280 3236 (ιο.

235 3251 378 3324 cedo
431 3252 575 3307 sine
623 3251 791 3306 dubio
832 3251 916 3308 A¹
963 3253 1271 3307 minoribus
1322 3254 1519 3308 litteris
1562 3270 1627 3308 m
1668 3255 1875 3322 spatie,
1928 3255 2073 3322 quod
2119 3256 2284 3308 initio
2380 3302 2384 3307 .

232 3339 476 3377 vacuum
511 3322 831 3391 reliquerat’
865 3323 887 3394 ΙΙ
921 3322 993 3376 19
1028 3321 1244 3378 factum
1281 3324 1420 3378 vol
1459 3323 1603 3377 facit
1630 3325 1730 3390 A¹,
1766 3324 1815 3377 it
1851 3325 1916 3378 in
1951 3325 2151 3391 litura,
2182 3327 2283 3379 sub

233 3410 352 3462 qua
387 3395 602 3448 litterae
644 3395 775 3448 tura
809 3389 1084 3463 pellueere
1122 3395 1233 3449 vid.
1284 3394 1305 3466 Η
1392 3395 1423 3449 1
1470 3395 1625 3464 prior
1661 3395 1744 3451 A¹
1785 3411 1923 3450 corr
1957 3412 2031 3477 ex
2073 3396 2230 3464 prius
2264 3395 2285 3466 ΙΙ

233 3463 310 3520 26
346 3464 498 3519 inter
531 3463 671 3518 vilia
699 3465 932 3535 Lipsius
966 3465 1264 3520 inseruitia
1292 3467 1349 3520 A
