2544 3746
281 54 413 121 336
673 52 733 109 L.
763 52 1048 107 ANNAEI
1083 51 1413 107 SENECAE
1450 52 1641 107 DIAL.
1669 52 1803 107 LIB.
1832 50 1926 106 XI.

279 198 489 284 lugeri
547 199 744 264 vellet
801 220 885 263 an
938 198 1066 263 coli
1121 219 1436 283 sororem,
1498 197 1724 264 eodem
1778 197 1957 264 omni
2009 202 2335 284 tempore,

282 309 410 373 quo
476 288 722 372 templa
783 287 884 352 illi
946 287 1383 353 constituebat
1445 308 1521 353 ac
1583 286 1972 372 pulvinaria,
2037 309 2145 353 eos
2207 289 2333 373 qui

277 397 509 460 parum
555 375 786 442 maesti
827 376 1112 460 fuerant,
1161 375 1609 443 crudelissima
1653 375 1994 443 adficiebat
2038 376 2333 442 animad-

280 466 602 551 versione3
674 464 895 531 eadem
969 464 1140 531 enim
1210 465 1589 550 intemperie
1652 464 1853 531 animi
1914 465 2337 532 adversarum

279 577 494 621 rerum
558 554 726 622 ictus
789 554 1064 638 ferebat,
1137 576 1266 639 qua
1328 553 1752 622 secundarum
1816 556 2022 621 elatus
2087 559 2334 621 eventu
2400 576 2425 618 ⁵

211 658 244 707 6
281 664 477 729 super
537 644 893 709 humanum
954 643 1430 710 intumescebat
1489 643 1771 709 modum.
1861 644 2092 729 procul
2145 645 2333 711 istud

281 734 649 818 exemplum
694 733 775 798 ab
814 732 991 799 omni
1028 731 1325 799 Romano
1364 732 1449 799 sit
1483 733 1651 814 viro,
1696 733 1947 799 luctum
1984 754 2173 798 suum
2208 736 2334 797 aut

280 822 752 908 intempestivis
798 843 1098 889 sevocare
1131 820 1383 889 lusibus
1421 825 1534 888 aut
1570 822 1856 888 sordium
1892 843 1968 888 ac
2004 821 2333 907 squaloris

279 911 588 978 foeditate
646 912 910 977 inritare
970 916 1086 978 aut
1141 904 1398 978 alienis
1427 911 1614 977 malis
1675 911 1997 979 oblectare
2056 911 2335 977 minime

279 1000 564 1068 humano
612 1001 872 1067 solacio.
2378 1024 2433 1064 ιο

212 1138 243 1189 1
458 1124 697 1192 XVIII.
760 1125 910 1191 Tibi
945 1148 1098 1191 vero
1133 1125 1305 1192 nihil
1339 1148 1421 1191 ex
1455 1126 1917 1193 consuetudine
1942 1124 2338 1191 mutandum

281 1219 382 1282 est
434 1219 576 1299 tua,
631 1216 936 1299 quoniam
993 1213 1254 1300 quidem
1308 1237 1384 1281 ea
1435 1215 1777 1281 instituisti
1832 1236 2046 1281 amare
2090 1215 2335 1299 studia,

284 1326 446 1390 quae
500 1308 568 1370 et
621 1305 908 1390 optime
918 1303 1296 1371 felicitatem
1350 1307 1673 1371 extollunt
1725 1308 1791 1370 et
1843 1304 2150 1371 facillime
2202 1304 2336 1369 mi-

279 1398 493 1460 nuunt
565 1380 996 1460 calamitatem
1058 1394 1410 1479 eademque
1473 1398 1539 1460 et
1603 1398 1981 1460 ornamenta
2042 1393 2338 1459 maxima
2501 1434 2502 1461 3

280 1482 532 1548 homini
587 1486 740 1549 sunt
792 1486 858 1549 et
911 1482 1166 1549 solacia.
1258 1482 1421 1568 [37.]
1476 1504 1651 1549 nunc
1706 1483 1926 1567 itaque
1978 1486 2045 1548 te
2091 1482 2335 1548 studiis
2378 1504 2430 1547 ιε

279 1572 412 1637 tuis
471 1572 758 1659 inmerge
818 1572 1042 1657 altius,
1101 1594 1277 1638 nunc
1334 1572 1449 1638 illa
1506 1573 1629 1637 tibi
1685 1572 1864 1638 velut
1921 1570 2339 1637 munimenta

258 1660 482 1726 animi
540 1660 894 1745 circumda,
951 1683 1034 1728 ne
1093 1683 1174 1726 ex
1231 1661 1367 1727 ulla
1420 1662 1518 1726 tui
1563 1664 1746 1746 parte
1792 1661 2080 1726 inveniat
2123 1658 2340 1725 intro-

211 1767 242 1816 2
281 1749 448 1816 itum
496 1749 696 1815 dolor.
787 1749 1004 1815 fratris
1050 1772 1311 1835 quoque
1356 1751 1455 1815 tui
1500 1750 1747 1835 produc
1792 1750 2171 1815 memoriam
2210 1750 2337 1815 ali-

284 1861 414 1925 quo
471 1839 860 1925 scriptorum
914 1840 1314 1906 monimento
1369 1843 1657 1924 tuorum3
1709 1838 1837 1906 hoc
1891 1838 2064 1906 enim
2116 1860 2334 1905 unum

241 2008 245 2014 ,
284 1934 383 1996 est
417 1931 490 1994 in
524 1928 718 1995 rebus
754 1928 1056 1995 humanis
1092 1951 1286 2014 opus,
1331 1930 1437 1995 cui
1471 1930 1653 1995 nulla
1688 1932 2037 2014 tempestas
2073 1934 2334 2013 noceat,
2372 1951 2426 1990 ιο

285 2017 458 2103 quod
511 2019 693 2084 nulla
737 2021 1076 2084 consumat
1119 2021 1425 2084 vetustas.
1517 2021 1756 2102 cetera,
1803 2040 1967 2103 quae
2010 2039 2128 2103 per
2170 2038 2333 2084 con-

283 2106 705 2173 structionem
748 2106 1040 2192 lapidum
1087 2110 1152 2172 et
1197 2128 1586 2173 marmoreas
1632 2108 1838 2174 moles
1882 2111 1997 2172 aut
2032 2111 2330 2174 terrenos

283 2197 568 2262 tumulos
613 2197 686 2262 in
728 2217 1030 2282 magnam
1077 2197 1341 2262 eductos
1380 2195 1787 2262 altitudinem
1823 2199 2146 2280 constant,
2187 2218 2334 2262 non

282 2289 649 2371 propagant
690 2285 954 2372 longam
1001 2285 1197 2369 diem,
1243 2285 1484 2372 quippe
1530 2289 1596 2352 et
1638 2286 1781 2372 ipsa
1824 2284 2174 2352 intereunt:
2232 2285 2333 2350 in-

283 2375 575 2440 mortalis
631 2377 730 2440 est
780 2374 1009 2461 ingeni-
1055 2375 1381 2441 memoria.
1471 2375 1640 2442 hanc
1693 2379 1769 2440 tu
1812 2374 1997 2458 fratri
2040 2377 2157 2440 tuo
2198 2374 2330 2440 lar—
2371 2395 2427 2437 25
2501 2443 2502 2460 1

285 2464 449 2550 gire,
519 2463 590 2529 in
659 2462 784 2530 hac
855 2486 1004 2529 eum
1078 2463 1373 2549 conloca3
1452 2464 1682 2532 melius
1754 2463 1942 2530 illum
2014 2463 2327 2530 duraturo

468 2711 497 2766 7
535 2709 608 2764 ab
647 2710 799 2765 omni
835 2726 1066 2766 romano
1104 2711 1180 2765 sit
1212 2694 1338 2766 uiro
1366 2712 1492 2767 AV
1518 2712 1605 2766 est
1640 2709 1713 2764 ab
1752 2710 1905 2785 omni
1934 2725 2167 2766 romano
2198 2710 2331 2765 uiro

283 2781 524 2836 DEHG
581 2781 654 2836 ab
704 2783 858 2837 omni
905 2781 1192 2837 mundano
1241 2782 1367 2836 uiro
1408 2783 1465 2837 B
1516 2781 1632 2853 (sed
1680 2798 1913 2837 romano
1964 2783 2029 2837 in
2072 2784 2275 2854 mar-9.)
2309 2782 2331 2855 ΙΙ

283 2852 320 2907 8
369 2868 628 2908 sevocare
679 2853 846 2909 Gertz
900 2869 1137 2909 euocare
1184 2859 1251 2910 ut
1297 2854 1407 2909 vid.
1451 2854 1508 2909 A
1562 2854 1751 2924 (certe
1796 2871 1915 2908 uma
1959 2854 2145 2910 littera
2194 2860 2333 2909 ante

281 2939 488 2980 uocare
523 2925 664 2992 fmt,
708 2942 846 2994 eaqu
847 2942 874 2980 e
907 2941 1024 2980 non
1060 2940 1095 2979 a
1129 2925 1244 2994 fuit
1276 2926 1373 2981 sed
1404 2926 1593 2994 potius
1628 2926 1713 2995 e’)'
1754 2940 1993 2979 auocare
2030 2925 2146 2980 ΕΒ
2180 2942 2259 2979 m.
2292 2929 2331 2980 2

283 3010 488 3050 uocare
527 2996 575 3052 0
609 2996 808 3066 fugare
838 2997 1031 3052 Haase
1060 2995 1108 3123 ὃ
1147 2995 1218 3051 13
1263 2998 1324 3052 et
1358 2996 1573 3067 optime
1600 2997 1792 3051 Muret
1827 2995 2039 3065 optime
2074 2997 2135 3050 et
2160 2996 2279 3052 Ao
2308 2995 2339 3068 ΙΙ·

285 3065 358 3118 15
391 3065 607 3119 homini
637 3068 692 3120 A
727 3066 1018 3121 hominum
1148 3067 1395 3122 hominis
1436 3067 1600 3122 Gertz
1646 3066 1668 3140 ΙΙ
1716 3065 1789 3120 16
1831 3067 2103 3136 immerge
2150 3065 2329 3126 altius

284 3136 597 3192 Pmciamos
662 3136 976 3207 inmergere
1038 3137 1224 3194 acrius
1266 3138 1519 3194 AHDE
1577 3137 1913 3208 immergere
1966 3137 2145 3192 atrius
2200 3138 2263 3193 B
2310 3137 2332 3209 ΙΙ

285 3205 358 3259 20
410 3205 472 3259 in
521 3207 649 3262 add.
693 3208 1014 3290 Wesenberg
1066 3225 1136 3264 ex
1180 3208 1421 3279 Madvig
1472 3209 1493 3282 ΙΙ
1543 3207 1613 3265 21
1671 3209 2115 3264 constructiones
2162 3209 2333 3264 malit

292 3275 456 3330 Gertz
497 3275 518 3346 Η
560 3276 632 3330 23
669 3276 972 3333 altitudine
997 3280 1055 3334 A
1101 3277 1122 3351 ΙΙ
1168 3277 1244 3334 24
1276 3225 1564 3335 intereunt
1590 3281 1700 3336 Ao
1746 3297 1847 3337 nec
1891 3286 1971 3336 eet
2009 3296 2116 3336 cur
2148 3279 2329 3336 inter-

289 3345 483 3400 euntia
535 3348 862 3415 scribamus,
907 3355 972 3404 ut
1017 3349 1293 3406 Schultess
1325 3351 1568 3420 volebat;
1616 3351 1717 3420 cfr.
1748 3369 1838 3421 qu.
1866 3369 1923 3408 n.
1964 3353 2078 3407 ΠΙ
2102 3354 2329 3420 27,12,·

286 3419 376 3482 29,
402 3418 441 3469 8
475 3431 555 3484 ep.
587 3421 708 3485 115,
734 3422 772 3472 8
807 3419 1097 3488 (Reinecke
1131 3423 1196 3476 in
1229 3421 1361 3478 diss.
1392 3393 1637 3480 Mom’m.
1670 3427 1814 3479 1900
1841 3439 1903 3493 p.
1930 3426 2019 3495 18)
