2544 3746
131 1045 184 1084 10

130 1490 183 1531 15

127 1938 182 1979 20

125 2383 180 2425 ²5

493 68 594 123 AD
631 66 1016 123 POLYBIVM
1050 67 1150 123 DE
1189 66 1753 123 CONSOLATIONE
1793 66 1949 123 CAP.
1980 74 2011 122 2
2150 70 2285 136 313

222 214 373 281 tuis.
449 214 608 300 quid
653 214 825 281 enim
872 214 972 280 illi
1010 214 1186 280 aliud
1223 214 1510 283 faceres?
1584 214 1925 299 pecuniam
1964 214 2287 300 eriperes?
2324 231 2356 280 3

222 325 582 390 numquam
636 304 736 369 illi
793 304 1111 370 obnoxius
1166 304 1324 389 fuit3
1384 324 1560 370 mmo
1616 325 1903 389 quoque,
1969 306 2285 387 quantum

223 397 470 479 potest,
524 394 707 460 illam
765 417 804 460 a
858 415 926 459 se
981 393 1187 481 abigit
1241 397 1307 460 et
1359 394 1432 459 in
1476 396 1660 459 tanta
1703 393 2017 459 facilitate
2065 394 2288 478 adqui·

224 483 410 549 rendi
464 484 717 549 nullum
771 484 1086 549 maiorem
1133 503 1215 549 ex
1259 506 1335 549 ea
1378 483 1664 549 fructum
1713 503 1911 567 quam
1955 486 2289 568 contemp-

223 578 366 639 tum
409 573 545 639 eius
582 574 765 658 petit.
839 574 1116 658 eriperes
1154 572 1254 637 illi
1292 571 1586 639 amicos?
1658 573 1903 639 sciebas
1940 575 2077 637 tam
2116 594 2288 638 ama-
2324 589 2359 637 4

222 663 423 727 bilem
479 684 643 747 esse,
689 667 767 728 ut
811 662 1000 729 facile
1045 662 1117 727 in
1158 663 1377 728 locum
1428 662 1816 727 amissorum
1857 666 2078 747 posset
2125 662 2287 728 alios

223 752 642 837 substituere3
695 775 899 818 unum
955 752 1128 817 enim
1181 753 1358 818 hunc
1412 774 1494 818 ex
1548 752 1670 836 eis,
1726 772 1889 837 quos
1934 752 2006 818 in
2051 752 2288 836 princi-

220 842 357 927 pali
404 841 598 907 domo
647 845 943 926 potentes
990 841 1154 925 vidi,
1200 842 1584 929 cognovisse
1620 840 1873 925 videor,
1919 862 2113 926 quem
2153 862 2288 907 om-

219 931 416 997 nibus
453 932 734 998 amicum
770 932 1007 998 habere
1045 952 1194 997 cum
1231 932 1551 1016 expediat,
1587 932 1795 1017 magis
1832 934 2053 996 tamen
2090 931 2287 997 etiam

221 1021 399 1086 libet.
475 1021 753 1106 eriperes
790 1021 890 1086 illi
923 1022 1164 1086 bonam
1201 1019 1623 1105 opinionem?
1685 1020 1957 1086 solidior
1992 1024 2092 1086 est
2126 1020 2289 1087 haec
2324 1034 2358 1085 5

223 1109 398 1196 apud
454 1132 630 1194 eum,
689 1132 883 1195 quam
938 1115 1014 1175 ut
1061 1133 1098 1175 a
1143 1114 1209 1176 te
1255 1132 1517 1196 quoque
1562 1110 1708 1195 ipsa
1752 1110 2015 1175 concuti
2059 1110 2286 1195 possit.

222 1199 504 1285 eriperes
576 1200 816 1265 bonam
890 1200 1373 1265 valetudinem?
1466 1199 1711 1266 sciebas
1786 1200 2075 1265 animum
2149 1199 2286 1265 eius

220 1288 598 1355 liberalibus
664 1289 1052 1375 disciplinis,
1120 1289 1355 1373 quibus
1418 1312 1554 1355 non
1612 1289 1967 1355 innutritus
2028 1292 2287 1355 tantum

223 1377 337 1444 sed
397 1379 658 1445 innatus
718 1382 844 1463 est,
904 1380 998 1445 sic
1057 1401 1196 1445 esse
1256 1379 1631 1463 fundatum,
1689 1382 1765 1444 ut
1824 1400 2021 1464 supra
2074 1378 2287 1445 omnis

222 1468 515 1553 corporis
577 1467 833 1534 dolores
893 1469 1221 1534 emineret.
1314 1468 1593 1553 eriperes
1650 1466 1997 1552 spiritum?
2089 1490 2288 1553 quan-
2324 1482 2357 1531 6

221 1558 435 1623 tulum
480 1558 841 1624 nocuisses!
931 1558 1390 1645 longissimum
1436 1558 1535 1623 illi
1581 1558 1805 1645 ingeni
1846 1570 2076 1623 aevum
2112 1557 2289 1623 fama

219 1646 553 1731 promisit3
599 1646 665 1711 id
712 1648 848 1734 egit
892 1647 1060 1732 ipse,
1105 1652 1180 1713 ut
1225 1648 1491 1713 meliore
1538 1648 1641 1713 sui
1685 1650 1870 1732 parte
1917 1647 2177 1713 duraret
2223 1651 2291 1713 et

221 1736 603 1821 compositis
641 1737 1048 1821 eloquentiae
1085 1738 1435 1822 praeclaris
1474 1737 1777 1822 operibus
1816 1760 1855 1801 a
1890 1737 2288 1802 mortalitate

221 1846 291 1892 se
355 1825 728 1893 vindicaret.
822 1847 1018 1911 quam
1083 1828 1198 1893 diu
1260 1826 1458 1893 fuerit
1519 1827 1695 1892 ullus
1756 1826 1994 1893 litteris
2057 1825 2289 1911 honor,

223 1936 418 2000 quam
483 1915 596 1981 diu
660 1918 911 1982 steterit
977 1921 1090 1982 aut
1153 1917 1425 1983 Latinae
1486 1917 1749 2004 linguae
1812 1917 2109 2002 potentia
2174 1920 2287 1982 aut

222 2001 500 2070 Graecae
547 2005 784 2091 gratia,
830 2006 1078 2092 vigebit
1125 2029 1275 2072 cum
1322 2006 1622 2072 maximis
1670 2006 1852 2090 viris,
1902 2027 2179 2091 quorum
2218 2028 2287 2072 se

219 2095 500 2181 ingeniis
560 2095 669 2160 vel
727 2095 1006 2161 contulit
1064 2096 1195 2180 vel,
1256 2097 1313 2162 si
1369 2095 1500 2162 hoc
1524 2131 1529 2135 ·
1555 2095 1942 2161 verecundia
1998 2097 2135 2162 eius
2191 2118 2288 2162 re-

220 2187 434 2268 cusat,
507 2184 841 2269 applicuit.
934 2183 1102 2271 [22]
1173 2184 1303 2251 hoc
1376 2207 1532 2272 ergo
1606 2207 1810 2251 unum
1883 2185 2288 2271 excogitasti,
2326 2197 2356 2247 ’1

221 2273 551 2358 quomodo
613 2275 894 2339 maxime
953 2274 1054 2339 illi
1109 2295 1335 2358 posses
1394 2295 1655 2359 nocere3
1715 2296 1844 2359 quo
1902 2275 2135 2340 melior
2188 2278 2288 2340 est

219 2363 395 2428 enim
443 2363 746 2448 quisque,
789 2365 916 2429 hoc
963 2364 1218 2448 saepius
1266 2363 1433 2430 ferre
1478 2367 1543 2430 te
1590 2363 1928 2430 consuevit
1972 2364 2111 2429 sine
2146 2364 2283 2429 ullo

219 2452 462 2518 dilectu
521 2452 843 2518 furentem
910 2457 976 2518 et
1039 2454 1209 2518 inter
1270 2453 1415 2538 ipsa
1455 2453 1790 2519 beneficia
1853 2453 2282 2519 metuendam.

219 2541 609 2625 quantulum
657 2546 794 2607 erat
839 2542 962 2607 tibi
1007 2542 1362 2608 immunem
1408 2543 1489 2608 ab
1525 2541 1651 2608 hac
1686 2542 1923 2607 iniuria
1958 2546 2286 2627 praestare

218 2652 370 2695 eum
397 2628 751 2714 hominem,
779 2632 848 2695 in
877 2653 1071 2715 quem
1090 2631 1433 2697 videbatur
1460 2631 1866 2717 indulgentia
1889 2634 2007 2696 tua
2032 2632 2286 2697 ratione

219 2723 398 2785 certa
441 2720 808 2804 pervenisse
855 2723 921 2785 et
964 2741 1100 2785 non
1143 2741 1227 2785 ex
1268 2723 1386 2785 tuo
1424 2741 1605 2786 more
1640 2723 1883 2786 temere
1919 2719 2284 2786 incidissel'

403 2876 436 2930 1
474 2874 564 2931 illi
601 2875 760 2931 aliud
799 2877 848 2932 Ο
895 2876 1055 2931 aliud
1090 2876 1179 2930 illi
1205 2877 1268 2932 F
1275 2876 1391 3004 Vlfl
1435 2876 1473 2932 Β
1519 2875 1704 2947 abigit
1742 2878 1984 2962 Madvig
2021 2876 2201 2931 abicit
2228 2877 2291 2932 F

222 2946 426 3002 abiicit
454 2949 517 3002 E
559 2946 772 3003 abiecit
798 2949 855 3002 Β
867 2949 939 3002 H
944 2948 997 3003 G
1010 2949 1063 3002 V
1091 2947 1303 3002 subicit
1436 2947 1598 3002 illam
1637 2946 1749 3002 sibi
1786 2947 1998 3003 subicit
2024 2948 2233 3004 Mueck

221 3017 259 3073 4
285 3018 561 3074 maiorem
589 3036 658 3075 ex
687 3035 756 3073 ea
783 3021 1018 3088 BE‚01
1045 3035 1115 3073 ea
1141 3019 1416 3075 maiorem
1446 3020 1495 3075 (J
1525 3019 1545 3092 Η
1581 3019 1650 3074 11
1681 3035 1717 3073 a
1743 3021 1803 3074 te
1831 3035 2055 3088 quoque
2082 3019 2212 3088 ipsa

221 3089 300 3143 ad
336 3091 396 3145 te
433 3106 658 3159 quoque
693 3090 810 3144 iam
838 3091 895 3145 Β
931 3088 952 3162 ΙΙ
987 3090 1061 3145 16
1090 3090 1325 3160 ingenia
1352 3107 1522 3146 cuum
1550 3090 1708 3145 fama
1746 3093 1821 3161 (ει
1850 3091 1912 3144 in
1953 3089 2048 3144 eni
2076 3105 2199 3146 aen.
2220 3088 2284 3161 f.)

219 3161 492 3217 DEHG
527 3161 738 3232 ingena
775 3164 834 3232 (a
869 3169 1148 3231 expuncta
1183 3162 1226 3217 ii
1260 3179 1305 3217 ε.
1334 3181 1385 3218 v.
1414 3163 1543 3218 add.
1574 3181 1645 3218 m.
1673 3164 1731 3231 2)
1770 3166 1881 3216 eufi
1937 3161 2074 3216 'ama
2100 3163 2157 3216 Β
2195 3161 2285 3216 in-

221 3247 413 3358 ffnua
449 3249 619 3289 cuum
657 3233 814 3288 fama
840 3235 903 3289 F
911 3235 964 3288 V
993 3249 1192 3288 aevum
1219 3233 1440 3305 ingenii
1466 3234 1625 3289 fama
1650 3235 1785 3304 voly.
1821 3233 2052 3304 ingenio
2082 3249 2283 3289 aevum

285 3320 381 3358 ma
399 3305 628 3361 Fickert
652 3305 674 3379 ΙΙ
699 3306 772 3360 24
791 3322 902 3375 quo
922 3306 1124 3361 melior
1142 3308 1229 3360 est
1247 3306 1400 3362 enim
1420 3306 1659 3376 quisque
1680 3307 1841 3361 Koch
1860 3305 1980 3362 coll.
1991 3322 2051 3375 p.
2068 3309 2197 3373 314,
2215 3310 2285 3360 17

224 3390 338 3444 quo
387 3377 590 3432 melior
635 3380 723 3432 est
769 3377 920 3433 enim
958 3378 1214 3447 quisquis
1251 3379 1383 3434 BF
1429 3394 1540 3448 quo
1577 3376 1780 3432 melior
1814 3377 1967 3436 enim
2004 3378 2092 3431 est
2128 3375 2285 3444 quis-

225 3463 336 3516 que
365 3449 500 3504 DE
533 3456 587 3505 et
621 3450 758 3520 voly.
797 3450 818 3522 ΙΙ
853 3449 925 3504 25
961 3449 1108 3504 ferre
1145 3451 1204 3506 te
1233 3450 1290 3505 Β
1328 3454 1387 3505 te
1422 3449 1571 3506 ferre
1598 3450 1731 3504 DE
