2544 3746
281 79 414 146 320
669 77 730 132 L.
759 77 1046 133 ANNAEI
1081 76 1411 133 SENECAE
1446 77 1637 133 DIAL.
1666 78 1801 133 LIB.
1830 76 1922 133 XI.

281 225 634 308 explicant,
675 245 1030 308 numquam
1075 223 1175 288 ini
1218 223 1381 289 licet·
1418 224 1763 289 subsistere
1808 245 1926 289 nec
1973 223 2323 307 quicquam

209 332 242 381 3
281 334 470 378 suum
515 312 740 380 facere.
830 312 912 379 ad
959 312 1279 398 quendam
1325 313 1543 397 itaque
1589 313 1856 379 modum
1897 312 2022 377 tibi
2059 334 2324 397 quoque

279 402 502 468 eadem
547 404 891 470 necessitas
929 401 1317 489 iniungitur:
1360 424 1498 468 non
1540 402 1696 468 licet
1730 401 1851 468 tibi
1886 401 1968 467 ad
2004 402 2325 468 utilitates

278 494 452 575 tuas,
497 491 577 557 ad
623 492 838 558 studia
872 495 986 558 tua
1020 492 1354 576 respicere.
1446 489 1712 556 Caesare
1750 492 1969 558 orbem
2003 494 2325 556 terrarum

278 580 648 665 possidente
707 581 1035 667 impertire
1092 584 1158 646 te
1216 601 1339 646 nec
1394 580 1718 665 voluptati
1771 602 1892 647 nec
1937 581 2149 646 dolori
2202 602 2327 646 nec

207 688 241 737 4
278 670 398 735 ulli
443 671 556 736 alii
599 670 694 736 rei
739 673 950 754 potes:
995 674 1206 735 totum
1252 674 1319 735 te
1358 668 1613 735 Caesari
1649 668 1859 736 debes.
1931 670 2111 736 adice
2149 691 2327 736 nunc

281 758 482 844 quod,
536 780 685 825 cum
732 780 984 844 semper
1026 759 1356 844 praedices
1402 757 1713 825 cariorem
1756 758 1881 823 tibi
1926 759 2163 843 spiritu
2204 762 2324 824 tuo

280 846 614 915 Caesarem
669 869 833 932 esse,
887 848 985 913 fas
1039 848 1163 914 tibi
1206 870 1342 913 non
1386 852 1485 914 est
1530 848 1709 914 salvo
1758 845 2023 913 Caesare
2069 847 2150 913 de
2196 848 2326 913 for-

277 940 436 1003 tuna
499 938 708 1022 queri:
781 938 905 1003 hoc
967 936 1280 1003 incolumi
1343 937 1506 1002 salvi
1567 937 1692 1002 tibi
1755 940 1906 1002 sunt
1967 938 2095 1021 tui,
2156 937 2328 1002 nihil

278 1026 639 1111 perdidisti,
710 1048 847 1093 non
916 1030 1169 1092 tantum
1236 1026 1441 1092 siccos
1507 1027 1729 1092 oculos
1793 1030 1941 1092 tuos
2006 1046 2146 1092 esse
2210 1026 2327 1091 sed

279 1115 473 1181 etiam
515 1116 722 1182 laetos
768 1120 1053 1201 oportet3
1106 1116 1176 1181 in
1219 1116 1347 1181 hoc
1392 1115 1513 1180 tibi
1560 1114 1777 1183 omnia
1822 1118 2000 1199 sunt,
2046 1115 2156 1181 hie
2202 1138 2327 1200 pro

278 1205 578 1270 omnibus
624 1209 737 1271 est.
812 1205 987 1289 quod
1031 1206 1224 1291 longe
1270 1227 1310 1270 a
1346 1204 1635 1270 sensibus
1670 1204 1803 1269 tuis
1837 1204 2327 1289 pudentissimis

276 1293 709 1378 piissimisque
773 1294 980 1377 abest,
1043 1294 1347 1359 adversus
1410 1292 1785 1360 felicitatem
1849 1297 2027 1359 tuam
2091 1315 2328 1378 parum

279 1387 499 1469 gratus
556 1404 651 1467 es,
705 1381 761 1447 si
813 1381 937 1448 tibi
991 1382 1336 1468 quiequam
1380 1382 1509 1449 hoc
1552 1383 1733 1450 salvo
1780 1382 1932 1448 fiere
1977 1382 2323 1468 permittis.

209 1508 237 1556 1
455 1487 631 1556 VIII.
703 1488 1080 1556 Monstrabo
1141 1489 1527 1566 etiamnunc,
1568 1510 1702 1554 non
1757 1489 2014 1574 quidem
2072 1490 2327 1555 firmius

277 1579 629 1645 remedium
684 1579 795 1645 sed
839 1577 1236 1644 familiarius.
1329 1578 1385 1643 si
1432 1577 1687 1661 quando
1734 1582 1800 1644 te
1846 1579 2109 1644 domum
2156 1600 2331 1645 rece-

277 1667 477 1751 peris,
520 1671 678 1734 tunc
722 1668 844 1733 erit
887 1668 1008 1733 tibi
1052 1667 1396 1733 metuenda
1438 1667 1729 1732 tristitia:
1772 1690 1924 1733 nam
1971 1689 2168 1751 quam
2212 1667 2331 1733 diu

275 1779 516 1822 numen
560 1761 747 1822 tuum
790 1757 1171 1840 intueberis,
1215 1748 1470 1822 nullun'i
1515 1756 1630 1821 illa
1674 1756 1754 1821 ad
1799 1761 1865 1822 te
1901 1756 2187 1822 inveniet
2224 1779 2329 1822 ac-

278 1866 556 1931 cessum,
609 1845 826 1913 omnia
878 1847 949 1913 in
1001 1846 1073 1912 te'
1112 1844 1344 1913 Caesar
1386 1846 1658 1931 tenebit3
1712 1866 1860 1912 cum
1907 1846 1988 1912 ab
2031 1846 2149 1912 illo
2198 1846 2327 1912 dis-

2366 1044 2502 1091 10,

2366 1506 2413 1547 1⁵

278 1937 572 2020 cesseris,
634 1941 791 2002 tunc
823 1939 1030 2006 ,velut
1093 1937 1430 2002 occasione
1496 1937 1645 2002 data
1702 1935 2113 2002 insidiabitur
2172 1938 2327 2002 soli·
2360 1953 2412 1994 ιο

277 2025 487 2090 tudini
540 2029 688 2091 tuae
744 2026 932 2091 dolor
984 2029 1049 2090 et
1099 2025 1527 2110 requiescenti
1581 2024 1797 2090 animo
1842 2028 1957 2089 tuo
2005 2024 2324 2109 paulatim

207 2130 238 2178 2
277 2114 542 2198 inrepet.
634 2114 851 2199 itaque
911 2135 1046 2179 non
1109 2117 1209 2178 est
1271 2113 1445 2196 quod
1506 2114 1715 2178 ullum
1777 2116 2035 2198 tempus
2095 2135 2326 2184 vacare

277 2203 543 2286 patiaris
599 2225 638 2268 a
693 2202 948 2268 studiis:
1003 2206 1159 2268 tunc
1213 2201 1336 2267 tibi
1388 2201 1639 2268 litterae
1693 2206 1844 2267 tuae
1897 2206 2031 2267 tam
2088 2202 2201 2267 diu
2246 2224 2326 2268 ac

278 2295 411 2356 tam
475 2291 752 2357 fideliter
814 2295 1061 2369 amatae
1125 2291 1402 2378 gratiam
1461 2290 1766 2375 referant,
1828 2295 1987 2358 tunc
2043 2294 2108 2356 te
2171 2290 2325 2357 illae

280 2380 635 2446 antistitem
683 2383 748 2445 et
791 2383 1105 2447 cultorem
1153 2402 1343 2446 suum
1386 2380 1743 2464 vindicent,
1796 2385 1953 2445 tunc
1997 2379 2322 2446 Homerus
2360 2401 2413 2442 2⁵

279 2473 344 2535 et
414 2468 742 2556 Vergilius
825 2473 958 2534 tam
1038 2469 1200 2535 bene
1274 2469 1353 2535 de
1427 2469 1712 2534 humano
1786 2490 2018 2555 genere
2090 2470 2326 2553 meriti,

457 2662 490 2716 1
527 2660 665 2717 licet
701 2661 1006 2718 subsistere
1034 2663 1169 2718 DE
1199 2661 1338 2718 licet
1364 2663 1423 2717 et
1449 2660 1755 2716 subsistere
1781 2662 1838 2716 Β
1874 2660 2012 2716 licet
2047 2677 2153 2716 nec
2190 2660 2323 2715 sub-

278 2732 477 2788 sistere
508 2734 565 2787 B
601 2751 670 2788 m.
706 2737 746 2789 2
780 2740 830 2788 et
864 2734 1002 2804 voly.
1053 2733 1074 2806 ΙΙ
1122 2733 1157 2788 2
1194 2749 1356 2787 suum
1394 2735 1531 2804 voly.
1569 2739 1622 2788 et
1656 2733 1713 2787 Β
1764 2733 1881 2802 (sed
1916 2749 1984 2788 ex
2020 2748 2124 2786 sua
2158 2735 2323 2802 con.)

278 2820 382 2858 sua
411 2805 481 2858 H
508 2804 598 2858 sui
624 2805 685 2859 D
722 2821 822 2860 suo
852 2805 913 2859 E
948 2805 969 2878 Η
1016 2804 1054 2858 6
1088 2803 1262 2860 debes
1294 2806 1347 2860 V
1372 2810 1423 2860 et
1456 2804 1595 2873 volq.
1633 2802 1843 2858 debeas
1871 2804 1928 2858 Β
1974 2802 2184 2860 debeas
2222 2804 2271 2860 0
2304 2805 2325 2876 ΙῙ

280 2875 310 2930 7
359 2875 636 2931 lectionem
684 2877 822 2947 voly.
873 2876 1082 2932 retinui
1134 2893 1180 2932 e.
1216 2876 1372 2932 codd.
1414 2875 1550 2930 DE
1597 2877 1831 2944 petitam
1838 2895 1861 2942 ;
1919 2877 2055 2944 quid
2113 2876 2325 2931 Seneca

275 2948 581 3016 scripserit,
623 2962 858 3016 prorsus
900 2949 1169 3002 incertum
1213 2953 1293 3002 est
1338 2946 1597 3015 predices
1644 2945 1885 3000 cariores
1929 2945 2041 3000 tibi
2076 2950 2184 3016 spu
2220 2948 2324 3001 tuo

278 3017 522 3072 cariores
558 3017 675 3072 sint
708 3018 798 3072 fas
826 3019 896 3072 H
902 3017 954 3073 G
990 3023 1042 3073 et
1075 3019 1186 3073 duo
1217 3018 1469 3084 (ἔγνωκ’,
1504 3019 1619 3073 nisi
1654 3017 1800 3087 quod
1831 3017 1884 3071 G-
1909 3023 1963 3072 et
1986 3018 2127 3074 alter
2152 3017 2321 3072 arnt.

274 3089 461 3158 priore
497 3089 612 3144 loco
648 3088 922 3144 cariorem
956 3089 1158 3145 habent
1199 3089 1459 3158 predices
1495 3088 1738 3143 cariores
1774 3088 1890 3143 sint
1923 3087 2014 3143 fas
2049 3088 2108 3143 Β
2153 3103 2326 3158 prae-

279 3158 434 3213 dices
485 3159 758 3215 cariorem
806 3158 916 3214 tibi
961 3159 1167 3229 spiritu
1210 3163 1311 3215 tuo
1358 3159 1679 3227 Caesarem,
1718 3159 1992 3215 cariorem
2030 3175 2151 3214 esse
2184 3159 2323 3226 tuis,

278 3228 366 3284 fas
402 3232 686 3298 temptavit
723 3230 887 3286 Gertz
921 3230 942 3303 ΙΙ
979 3230 1049 3285 10
1083 3233 1309 3286 tantum
1347 3233 1469 3302 (tffi)
1509 3231 1556 3288 0
1596 3233 1661 3286 tn
1697 3232 1933 3302 (tamen)
1961 3232 2018 3286 Β
2107 3230 2179 3285 12
2216 3247 2325 3299 pu-

279 3299 624 3355 dentissimis
661 3301 858 3372 Stangl
893 3301 1065 3370 prud·
1107 3303 1153 3358 O
1195 3303 1216 3374 ΙΙ
1265 3302 1336 3357 15
1372 3300 1585 3358 firmius
1613 3303 1670 3357 Β
1706 3301 1929 3357 firmum
1966 3302 2015 3359 Ο
2125 3301 2199 3356 22
2234 3303 2324 3356 in-

279 3372 441 3493 3351*
459 3371 1501 3514 ‚ffazfftafi‘r‘t‘ss'u“iaitssffifi'ussffist
1536 3374 1586 3430 ⁰
1634 3373 1643 3446 ¹
1696 3373 1877 3428 “nm
1913 3374 1972 3429 B
2019 3373 2239 3428 „unm
2275 3373 2328 3429 ⁰
