2544 3746
413 118 516 174 AD
553 117 937 175 POLYBIVM
972 118 1072 173 DE
1111 117 1669 175 CONSOLATIONE
1709 118 1862 176 GAP.
1896 126 1979 174 14.
2012 125 2079 175 15
2162 123 2291 189 331

227 265 408 351 ·fato;
470 269 536 331 et
601 286 796 350 quam
859 264 1206 350 impatiens
1270 262 1432 331 iuris
1497 264 1687 349 aequi
1741 264 1948 350 pietas
2004 264 2295 333 Africani

237 354 437 421 fuerit
443 403 464 441 ,
515 355 768 422 cunctis
829 355 1160 441 apparuit:
1213 354 1441 420 eodem
1488 354 1661 420 enim
1703 355 1811 421 vdie
1858 352 2078 440 Scipio
2125 354 2295 421 Afri-

239 464 469 530 canus,
504 466 634 530 quo
670 445 938 511 viatoris
977 443 1275 510 manibus
1312 443 1577 509 fratrem
1616 444 1999 529 abstulerat,
2034 444 2293 511 tribuno

171 642 202 685 ⁶
239 554 508 689 {¹231}ss
546 533 1097 689 flssssffiss‘ssiiafflss
1133 532 2038 708 fflssissfflilissamssissfeffffii
2074 539 2296 708 Ἥὲ

237 712 512 779 referam
548 710 988 778 Aemilianum
1028 672 1432 797 Scipionem,
1479 712 1592 796 qui
1636 735 1767 778 uno
1805 733 2010 799 paene
2046 712 2296 784 eodem-

241 823 367 887 que
426 805 720 887 tempore
780 800 1100 887 spectavit
1157 801 1363 887 pat-ris
1420 800 1830 888 triumphum
1890 802 2296 888 duorumque

237 890 516 957 fratrum
549 891 824 957 funera?
895 891 1421 958 adulescentulus
1457 895 1679 957 tamen
1715 913 1791 958 ac
1826 892 2297 977 propemodum

239 1003 406 1068 puer
446 984 632 1047 tanto
670 982 888 1047 animo
924 982 1084 1047 tulit
1119 981 1303 1046 illam
1340 980 1625 1048 familiae
1662 1004 1815 1048 suae
1852 1004 2047 1067 super
2082 982 2298 1067 ipsum

141 1090 202 1133 ιο
239 1070 432 1137 Pauli
455 1069 863 1156 triumphum
891 1069 1291 1137 concidentis
1321 1071 1605 1136 subitam
1634 1071 2025 1156 vastitatem,
2054 1075 2296 1156 quanto

240 1160 466 1226 debuit
517 1160 685 1227 ferre
740 1160 841 1226 vir
893 1160 964 1225 in
1015 1159 1145 1225 hoc
1195 1161 1418 1245 natus,
1472 1182 1555 1226 ne
1608 1161 1755 1227 urbi
1801 1159 2131 1227 Romanae
2186 1165 2299 1225 aut

241 1246 462 1335 Scipio
510 1249 760 1317 deesset
807 1253 944 1315 aut'
968 1246 1292 1337 Carthago
1342 1254 1722 1334 superesset.

420 1338 563 1406 XV.
639 1337 808 1426 [34]
865 1338 1037 1417 Quid
1090 1338 1365 1405 referam
1412 1340 1691 1405 duorum
1736 1338 2159 1406 Lucullorum
2208 1339 2297 1404 di-

239 1432 561 1514 remptam
607 1432 819 1495 morte
866 1427 1279 1495 concordiam
1288 1427 1331 1492 ⁶?
1397 1429 1553 1512 quid
1598 1427 1991 1513 Pompeios?
2065 1430 2297 1513 quibus

144 1535 202 1579 ιι
236 1540 322 1584 ne
376 1518 506 1585 hoc
562 1517 823 1603 quidem
879 1518 1171 1585 saeviens
1227 1517 1495 1602 reliquit
1549 1517 1838 1601 fortuna,
1892 1522 1971 1584 ut
2022 1541 2153 1583 una
2200 1540 2297 1584 ea-

240 1607 515 1691 demque
597 1606 1012 1674 conciderent
1091 1607 1307 1672 ruina:
1390 1608 1559 1672 vixit
1640 1605 1875 1673 Sextus
1948 1606 2298 1692 Pompeius

239 1696 526 1783 primum
582 1696 792 1764 sorori
846 1700 1204 1782 superstes,
1259 1697 1445 1763 cuius
1504 1699 1715 1762 morte
1772 1696 2018 1781 optime
2074 1695 2297 1763 cohae-

239 1786 443 1857 rentis
491 1784 822 1852 Romanae
880 1788 1061 1871 pacis
1120 1785 1384 1852 vincula
1428 1786 1717 1852 resoluta
1762 1788 1940 1870 sunt,
2000 1785 2298 1871 idemque

239 1875 352 1942 hic
393 1876 564 1942 vixit
605 1880 932 1962 superstes
981 1877 1232 1963 optimo
1279 1876 1494 1960 fratri,
1540 1897 1732 1961 quem
1770 1876 2034 1943 fortuna
2069 1876 2139 1942 in
2173 1877 2300 1942 hoc

146 1987 206 2028 ιο
242 1970 568 2050 evexerat,
627 1989 712 2032 ne
765 1966 981 2033 minus
1039 1967 1168 2032 alte
1223 1987 1373 2032 eum
1428 1965 1733 2049 deiceret,
1792 1963 1987 2050 quam
2047 1970 2297 2051 patrem

244 2054 586 2140 deiecerat3
632 2061 698 2123 et
742 2058 895 2142 post
937 2055 1115 2123 hunc
1159 2060 1381 2121 tamen
1418 2075 1639 2122 casum
1678 2053 1912 2121 Sextus
1950 2054 2299 2140 Pompeius

241 2166 378 2212 non
430 2148 687 2212 tantum
734 2146 973 2230 dolori,
1027 2145 1138 2213 sed
1186 2146 1383 2212 etiam
1429 2144 1602 2211 bello
1650 2144 1919 2211 suffecit.
2010 2144 2301 2210 innume·

238 2231 473 2302 rabilia
535 2235 824 2320 undique
890 2237 1186 2320 exempla
1249 2238 1694 2321 separatorum
1756 2239 1963 2301 morte
2026 2234 2301 2299 fratrum

243 2328 657 2411 succurrunt,
690 2325 891 2391 immo
931 2330 1158 2392 contra
1191 2325 1305 2391 vix
1340 2325 1477 2390 ulla
1509 2346 1820 2410 umquam
1857 2324 2091 2390 horum
2120 2325 2303 2410 paria

150 2431 207 2476 π
245 2418 593 2498 conspecta
639 2419 793 2481 sunt
836 2437 968 2480 una
1014 2414 1439 2500 senescentia;
1494 2414 1607 2480 sed
1652 2416 1995 2480 contentus
2040 2415 2300 2478 nostrae

244 2501 476 2570 domus
551 2504 864 2589 exemplis
939 2526 1067 2571 ero.
1159 2525 1353 2570 nemo
1428 2503 1600 2568 enim
1674 2506 1809 2569 tam
1885 2523 2112 2588 expers
2178 2501 2301 2568 erit

234 2613 471 2660 sensus
527 2613 604 2660 ae
657 2593 982 2678 sanitatis,
1035 2597 1112 2660 ut
1155 2593 1487 2660 fortunam
1532 2593 1654 2658 ulli
1700 2594 2005 2679 queratur
2047 2592 2298 2658 luctum

244 2681 571 2767 intulisse,
629 2704 822 2767 quam
877 2684 1040 2749 sciet
1085 2683 1280 2750 etiam
1328 2680 1671 2749 Caesarum
1717 2682 2017 2748 lacrimas
2065 2703 2299 2748 concu-

245 2771 436 2856 pisse.
529 2772 715 2839 divus
753 2771 1091 2859 Augustus
1139 2772 1359 2838 amisit
1395 2769 1730 2839 Octaviam
1777 2793 2063 2838 sororem
2110 2771 2301 2838 caris·
2338 2788 2371 2838 3

427 2929 460 2983 1
498 2928 805 2999 impatiens
841 2929 981 2985 iuris
1020 2929 1190 3000 aequi
1217 2931 1414 2985 Haase
1456 2930 1597 2983 iuris
1638 2929 1808 2998 aequi
1844 2929 2151 3013 impatiens
2178 2929 2305 2983 DE

246 3000 475 3086 patiens
522 3001 663 3056 iuris
715 3003 774 3056 et
823 3002 994 3071 aequi
1033 3001 1090 3056 B
1141 3003 1226 3071 (in
1271 3017 1445 3071 mary.
1487 3017 1624 3056 corr
1673 3000 1795 3070 imp
1754 2998 2006 3125 patiensg
2050 3001 2191 3055 iuris
2244 3001 2302 3054 et

247 3087 420 3142 aequi
496 3073 681 3128 atiena
709 3073 782 3128 Η
805 3072 826 3146 11
861 3071 898 3128 2
926 3072 1118 3143 Scipio
1144 3071 1448 3127 Africanus
1486 3072 1589 3128 del.
1621 3072 1818 3128 eret
1863 3071 1870 3145 Ι
1904 3071 1941 3127 5
2009 3071 2302 3127 efenderat

244 3144 387 3214 υοῑ9.
485 3143 774 3200 efenderet
816 3145 874 3200 Β
929 3145 1050 3216 (sed
1096 3160 1233 3200 corr.
1281 3161 1347 3198 m
1393 3138 1591 3215 marg.)
1634 3144 1707 3199 H
1753 3071 2073 3199 dedenderit
2112 3143 2237 3198 DE
2280 3141 2301 3215 Η
2439 3197 2445 3206 ,

247 3213 322 3270 18
357 3213 737 3287 lucilillorum
774 3215 1118 3287 diremptam
1151 3217 1337 3271 morte
1363 3216 1419 3270 B
1456 3232 1596 3271 corr
1624 3233 1695 3271 m.
1722 3219 1762 3271 2
1802 3215 1823 3288 ΙΙ
1873 3215 1944 3270 15
1990 3215 2301 3284 eademque

124 3347 130 3352 ,
255 3287 584 3371 Wesenberg
610 3287 864 3357 denique
906 3289 953 3343 Ο
987 3287 1007 3361 ΙΙ
1050 3286 1124 3342 16
1159 3286 1423 3343 Senecam
1460 3303 1669 3342 errasse
1702 3287 1817 3354 hic,
1854 3293 1922 3342 ut
1946 3288 2202 3356 saepius,
2236 3287 2303 3340 in

245 3358 484 3414 historia
531 3373 646 3414 non
693 3358 844 3444 qutjt
880 3359 1143 3430 Dipsium
1190 3357 1211 3431 ΙΙ
1257 3357 1333 3413 20
1384 3359 1645 3414 evexerat
1682 3327 1857 3414 Ger’tz
1907 3359 2163 3412 erexerat
2176 3356 2331 3478 ..(ὶὲι

247 3427 321 3484 21
359 3428 562 3485 Sextus
589 3429 891 3501 Pompeius
928 3431 1032 3486 del.
1064 3432 1258 3486 eret
1292 3429 1313 3503 ΙΙ
1348 3429 1421 3486 28
1456 3445 1629 3501 quam
1662 3429 1805 3484 sciet
1834 3430 1884 3487 Ο
1914 3445 2082 3498 quem
2110 3427 2274 3482 scien

250 3501 324 3557 H
351 3501 501 3557 wude
538 3518 708 3571 quom
745 3502 938 3558 scierit
976 3503 1143 3559 Gertz

2504 3441 2515 3488 4
