2544 3746
207 18 234 51 0

185 494 213 543 1

177 1207 210 1254 2

177 1740 209 1788 3

253 68 387 132 274
647 64 710 120 L.
740 62 1024 118 ANNAEI
1062 61 1393 118 SENECAE
1431 61 1621 118 DIAL.
1649 60 1785 117 LIB.
1814 60 1908 117 IX.

253 210 434 294 flere,
481 232 627 276 cum
676 231 896 276 omnes
943 208 1211 274 faciant:
1262 210 1422 273 adeo
1469 208 1728 294 penitus
1774 209 1901 274 hoc
1946 229 2015 273 se
2059 209 2320 279 malum

252 300 422 383 fixit,
479 322 560 365 ex
613 300 821 364 aliena
879 300 1186 382 opinione
1228 298 1537 381 pendere,
1590 302 1664 363 ut
1709 298 1780 362 in
1825 296 2311 363 simulationem

254 389 446 454 etiam
493 410 594 453 res
642 388 1143 472 simplicissima,
1191 386 1407 471 dolor,
1451 386 1683 453 veniat.

431 476 604 541 XVI.
689 475 997 561 Sequitur
1066 499 1245 560 pars,
1320 498 1484 561 quae
1557 477 1725 542 solet
1796 499 1931 541 non
2002 475 2309 542 inmerito

253 566 632 632 contristare
679 571 744 631 et
781 568 849 630 in
885 566 1391 631 sollicitudinem
1428 565 1759 632 adducere.
1834 567 1948 631 ubi
1984 565 2311 631 bonorum
2384 587 2413 625 5

251 657 460 721 exitus
508 655 662 719 mali
708 660 888 740 sunt,
931 655 1045 719 ubi
1083 653 1379 721 Socrates
1428 656 1685 742 cogitur
1729 655 1798 719 in
1834 676 2085 721 carcere
2120 657 2311 739 mori,

250 744 534 810 Rutilius
571 744 641 809 in
678 746 872 811 exilio
915 747 1158 827 vivere,
1205 744 1553 827 Pompeius
1603 749 1667 809 et
1696 742 1919 809 Cicero
1960 744 2308 811 clientibus

249 835 382 897 suis
421 835 724 917 praebere
764 834 1102 917 cervicem,
1143 831 1303 899 Cato
1341 834 1479 917 1113,
1516 834 1857 898 virtutium
1896 832 2042 898 viva
2069 834 2309 919 imago,

247 922 625 989 incumbens
689 924 911 1011 gladio
977 923 1172 989 simul
1235 922 1315 988 de
1380 945 1448 988 se
1510 928 1719 989 actum
1776 942 1905 989 esse
1962 944 2037 987 ac
2096 922 2176 987 de
2236 944 2309 987 re

248 1012 510 1096 publica
562 1013 776 1096 palam
823 1012 1062 1096 facere,
1115 1033 1375 1078 necesse
1423 1014 1521 1078 est
1566 1013 1855 1097 torqueri
1900 1015 2035 1077 tam
2080 1010 2313 1096 iniqua
2350 1034 2413 1073 10

249 1102 533 1185 praemia
567 1100 897 1166 fortunam
933 1102 1329 1186 persolvere3
1378 1106 1441 1166 et
1480 1101 1637 1185 quid
1675 1101 1799 1167 sibi
1837 1102 2110 1186 quisque
2146 1105 2310 1168 tunc

249 1195 490 1275 speret,
553 1211 698 1256 cum
755 1190 970 1254 videat
1016 1190 1297 1291 pessima
1344 1190 1625 1274 optimos
1671 1189 1853 1274 pati?
1944 1190 2101 1274 quid
2147 1212 2309 1277 ergo

250 1279 388 1343 est?
496 1279 643 1345 vide
718 1280 1042 1383 quomodo
1118 1280 1392 1364 quisque
1466 1279 1729 1344 illorum
1792 1278 2045 1362 tulerit,
2120 1282 2186 1343 et
2250 1281 2311 1343 si

247 1366 446 1431 fortes
493 1368 782 1453 fuerunt,
830 1370 1118 1454 ipsorum
1163 1368 1316 1434 illos
1362 1369 1579 1434 animo
1627 1368 1941 1452 desidera,
1989 1369 2045 1435 31
2081 1368 2311 1433 mulie-

248 1456 450 1522 briter
495 1461 560 1522 et
604 1457 836 1545 ignave
881 1459 1238 1543 perierunt,
1283 1458 1449 1522 nihil
1495 1462 1691 1543 perit:
1746 1462 1860 1523 aut
1905 1458 2087 1545 digni
2134 1462 2413 1542 sunt,15

249 1567 525 1629 quorum
569 1546 775 1611 virtus
821 1546 943 1611 tibi
988 1548 1268 1631 placeat,
1322 1551 1436 1612 aut
1480 1548 1761 1633 indigni,
1818 1568 2095 1650 quorum
2142 1547 2311 1611 (1331-

249 1635 558 1701 deretur
539 1636 815 1721 ignavia.
891 1636 1047 1720 quid
1085 1636 1255 1701 enim
1294 1638 1393 1701 est
1427 1637 1684 1721 turpius
1722 1658 1918 1720 quam
1955 1638 2013 1702 si
2039 1636 2315 1701 maximi

246 1724 370 1787 viri
406 1725 668 1790 timidos
706 1725 960 1790 fortiter
989 1725 1321 1791 moriendo
1350 1724 1641 1792 faciunt?
1700 1726 2038 1792 laudemus
2064 1726 2311 1791 totiens

248 1812 517 1900 dignum
589 1814 887 1880 laudibus
961 1819 1026 1880 et
1099 1814 1415 1881 (1133111113·
1500 1815 1711 1882 ‘tanto
1784 1814 2043 1900 fortior,
2116 1818 2310 1882 tauto

245 1902 522 1968 felicior!
598 1926 817 1969 omnes
846 1905 1133 1991 effugisti
1162 1927 1377 1988 casus,
1412 1905 1712 1989 livorem,
1749 1906 2076 1988 morbum3
2112 1905 2311 1970 existi
2350 1927 2415 1966 20

247 2014 326 2057 ex
372 1993 691 2077 custodia3
734 2015 871 2058 non
915 1998 990 2058 tu
1035 1993 1270 2096 dignus
1321 1994 1492 2059 mala
1535 1994 1799 2059 fortuna
1845 1994 1943 2059 dis
1990 1993 2169 2059 visus
2214 2015 2309 2076 33,

247 2081 357 2146 sed
423 2080 754 2168 indignus,
821 2083 891 2147 in
956 2104 1148 2166 quem
1213 2084 1344 2149 iam
1404 2083 1652 2167 aliquid
1708 2083 1975 2149 fortuna
2030 2083 2311 2166 posset'3

246 2169 749 2237 subducentibus
805 2193 957 2237 vero
1014 2193 1082 2236 se
1138 2175 1202 2236 et
1256 2172 1327 2236 in
1380 2173 1523 2256 ipsa
1578 2176 1785 2237 morte
1832 2173 1914 2237 ad
1958 2171 2161 2236 vitam
2206 2194 2311 2236 re-

175 2260 685 2343 43Ρ33113111111133
751 2283 977 2327 manus
1043 2260 1401 2326 iniciendae
1466 2264 1633 2327 sunt.
1743 2261 2067 2326 neminem
2130 2259 2309 2326 flebo

243 2348 516 2431 laetum,
586 2349 909 2414 neminem
983 2349 1272 2415 flentem:
1354 2350 1465 2415 ille
1537 2348 1839 2416 lacrimas
1912 2372 2087 2415 meas
2161 2351 2309 2435 ipse
2350 2372 2413 2412 25

246 2438 572 2522 apsteruit,
627 2438 736 2504 hic
783 2440 914 2504 suis
961 2439 1245 2505 lacrimis
1295 2439 1533 2524 effecit,
1587 2462 1670 2504 ne
1714 2439 1869 2504 ullis
1917 2439 2151 2525 dignus
2200 2439 2310 2504 sit.

245 2547 367 2624 ego
414 2525 760 2592 Herculem
797 2528 1014 2611 fleam,
1063 2529 1237 2612 quod
1282 2528 1468 2593 vivus
1515 2529 1755 2612 uritur,
1800 2531 1913 2592 aut
1958 2526 2312 2614 Regulum,

424 2718 459 2773 2
495 2719 680 2774 infixit
714 2719 876 2775 malit
903 2721 1067 2776 Gertz
1091 2720 1112 2793 ΙΙ
1147 2719 1185 2775 4
1221 2719 1479 2789 sequitur
1511 2721 1651 2806 3319.
1690 2722 1960 2790 sequetur
1986 2722 2042 2776 A
2069 2719 2093 2792 ΙΙ
2124 2719 2162 2774 5
2201 2719 2310 2773 ad-

245 2789 465 2845 ducere.
526 2789 628 2844 ubi
666 2833 678 2845 .
710 2835 722 2846 .
756 2791 1019 2857 ,133313,
1056 2808 1287 2848 11333333
1326 2793 1566 2863 Madviy
1599 2793 1798 2862 interp.
1848 2791 2160 2858 adducere,
2199 2790 2309 2846 ubi

336 2860 589 2916 ..facere
656 2879 883 2918 11333333
927 2862 1132 2936 331911
1181 2863 1217 2917 9
1264 2866 1457 2918 actum
1495 2878 1617 2918 esse
1654 2864 1786 2918 add.
1824 2880 1873 2920 v
1904 2865 1959 2918 d.
1992 2864 2169 2930 Vliet,
2205 2864 2311 2918 sed

235 2901 365 3001 post
410 2932 705 3001 republica
749 2936 984 2990 inseruit
1028 2950 1088 2989 se
1127 2934 1431 3004 desperare
1466 2935 1730 2991 excidisse
1756 2941 1999 3005 putatp
2000 2941 2083 2989 ost
2128 2905 2201 2988 d'e
2240 2952 2309 2989 se

245 3019 313 3056 ac
350 3003 421 3058 de
457 3020 574 3072 rep.
607 3006 884 3060 Matthias
918 3006 939 3078 ΙΙ
975 3006 1042 3061 11
1080 3008 1220 3060 tunc
1256 3024 1396 3062 corr.
1424 3009 1490 3063 in
1525 3022 1675 3060 nunc
1703 3007 1788 3063 A¹
1823 2951 1999 3060 bonip
1989 3006 2149 3060 Koch
2184 3005 2311 3059 tuti

247 3074 414 3130 Gertz
466 3092 580 3130 non
627 3077 947 3148 Petschenig]
999 3077 1020 3149 ΙΙ
1074 3076 1144 3132 18
1193 3078 1425 3134 timidos
1478 3081 1720 3148 <nos>
1765 3093 1927 3148 prop.
1976 3077 2226 3147 Psenniq
2282 3077 2307 3148 ΙΙ

244 3144 317 3199 20
344 3162 536 3200 omnes
561 3146 720 3201 Gertz
749 3147 1002 3203 homines
1024 3150 1080 3204 A
1106 3148 1353 3204 hominis
1382 3167 1505 3206 cwm
1533 3149 1651 3204 edd.
1673 3155 1810 3204 antt.
1831 3149 2071 3219 Madvig
2098 3148 2311 3202 huma.-

245 3231 346 3269 nos
377 3219 568 3272 Muret
621 3219 627 3288 Ι
680 3234 871 3272 3333113
909 3219 1025 3292 ΑΙ
1076 3219 1336 3274 morbum
1364 3224 1495 3290 Aq
1536 3222 1606 3276 od
1642 3220 1889 3304 defendit
1926 3221 2052 3276 Joh.
2085 3219 2311 3274 Mu'ller

247 3292 374 3354 apte
399 3288 518 3341 coll.
549 3288 684 3343 dial.
716 3291 816 3344 XI
848 3295 902 3356 9,
923 3296 956 3344 4
994 3308 1240 3346 morsum
1276 3293 1439 3347 Gertz
1465 3291 1485 3364 Ἰ
1610 3297 1715 3346 1133
1741 3291 1875 3347 111113
1904 3293 1961 3348 A
1987 3290 2103 3363 1127
2130 3291 2309 3346 verba

247 3359 350 3409 aut
384 3357 643 3427 regulum
680 3360 831 3428 quod
868 3363 956 3415 tot
982 3362 1162 3417 clauis
1192 3331 1496 3433 configitui⁸
1530 3366 1595 3418 in
1620 3380 1793 3434 mara.
1822 3363 1953 3419 add.
1984 3361 2070 3417 Α8
2095 3367 2146 3428 et
2169 3368 2309 3432 post

246 3427 431 3481 uritur
465 3430 759 3484 inserenda
795 3447 906 3487 esse
939 3434 1279 3502 siqnificavit
