2544 3746
274 67 360 132 74
662 65 723 120 L.
751 64 1038 120 ANNAEI
1073 63 1405 120 SENECAE
1441 64 1631 121 DIAL.
1662 65 1795 120 LIB.
1824 65 1917 122 IV.

199 227 232 274 5
269 210 472 275 tristis
531 209 898 294 adspectus3
951 210 1104 275 inde
1164 213 1262 274 est
1317 210 1492 294 quod
1544 203 1905 277 adridemus
1951 192 2339 278 ridentibus

269 302 335 364 et
380 301 717 364 contristat
760 320 879 364 nos
925 300 1115 364 turba
1158 301 1578 364 maerentium
1615 303 1681 365 et
1715 300 2181 366 effervescimus
2226 301 2305 366 ad

270 388 478 452 aliena
513 389 874 453 certamina.
951 410 1113 472 quae
1149 410 1283 453 non
1320 392 1471 453 sunt
1506 389 1663 472 irae,
1698 411 1832 454 non
1866 391 2073 476 magis
2111 413 2304 475 quam

269 477 532 541 tristitia
600 480 720 561 est,
794 499 956 562 quae
1031 477 1112 541 ad
1183 481 1598 561 conspectum
1670 479 1915 544 mimici
1981 480 2306 566 naufragii

269 567 591 631 contrahit
635 567 938 650 frontem,
983 587 1118 630 non
1163 567 1370 652 magis
1408 589 1600 650 quam
1635 568 1856 650 timor,
1903 569 2015 654 qui
2058 566 2304 633 Hanni·

265 655 410 719 bale
463 659 614 739 post
664 653 912 720 Cannas
967 656 1222 720 moenia
1275 654 1763 720 circumsidente
1805 656 2120 722 lectorum
2163 680 2305 742 per·

268 743 469 808 currit
527 744 800 827 animos,
861 743 973 809 sed
1031 744 1248 808 omnia
1306 745 1431 808 ista
1488 748 1700 809 motus
1748 749 1900 809 sunt
1944 746 2304 811 animorum

265 833 510 897 moveri
545 833 903 898 nolentium
937 854 1058 898 nec
1093 832 1381 898 adfectus
1410 832 1521 898 sed
1548 834 1869 918 principia
1897 834 2307 919 proludentia

196 935 228 984 6
266 920 637 987 adfectibus.
730 923 823 988 sic
874 925 1048 988 enim
1093 922 1393 988 militaris
1438 922 1563 987 viri
1605 922 1673 986 in
1718 923 1929 988 media
1972 946 2129 1008 pace
2174 925 2304 988 iam

265 1011 473 1096 togati
535 1032 718 1076 aures
776 1011 935 1076 tuba
959 1036 970 1049 ·
991 1013 1258 1077 suscitat
1318 1033 1645 1096 equosque
1703 1015 2052 1078 castrenses
2114 1013 2306 1098 erigit

267 1099 546 1184 crepitus
629 1122 971 1165 armorum.
1090 1098 1529 1165 Alexandrum
1611 1100 1792 1166 aiunt
1870 1100 2303 1186 Xenophanto

265 1191 530 1253 canente
575 1211 836 1254 manum
883 1189 964 1253 ad
1011 1211 1187 1253 arma
1232 1191 1499 1254 misisse.

195 1309 224 1358 1
441 1292 552 1359 ΠΙ.
617 1293 804 1360 Nihil
841 1318 920 1359 ex
955 1295 1084 1378 his,
1132 1303 1296 1379 'quae
1321 1297 1619 1360 animum
1655 1296 1925 1361 fortuito
1964 1297 2303 1381 inpellunt,

265 1382 550 1448 adfectus
595 1385 814 1448 vocari
860 1383 1072 1449 debet:
1118 1385 1266 1467 ista,
1305 1388 1380 1448 ut
1415 1386 1508 1448 ita
1544 1385 1778 1468 dicam,
1815 1387 2060 1469 patitur
2093 1387 2303 1472 magis

264 1472 514 1537 animus
561 1492 754 1556 quam
799 1473 972 1537 facit.
1063 1495 1217 1558 ergo
1275 1473 1561 1541 adfectus
1608 1477 1705 1538 est
1749 1495 1882 1538 non
1928 1473 2007 1538 ad
2054 1474 2303 1539 oblatas

263 1582 476 1625 rerum
535 1562 778 1645 species
832 1561 1102 1644 moveri,
1159 1560 1270 1626 sed
1316 1562 1683 1645 permittere
1731 1585 1797 1627 se
1843 1563 1975 1628 inis
2021 1566 2085 1627 et
2128 1563 2306 1628 hunc

191 1663 224 1712 2
263 1649 602 1714 fortuitum
658 1653 905 1714 motum
963 1650 1287 1734 prosequi.
1388 1673 1539 1715 nam
1586 1651 1641 1718 si
1687 1652 1832 1735 quis
1878 1651 2191 1736 pallorem
2237 1656 2307 1716 et

261 1737 557 1803 lacrimas
630 1738 1020 1823 procidentis
1093 1742 1158 1804 et
1229 1739 1653 1804 irritationem
1725 1741 1968 1806 umoris
2042 1740 2305 1806 obsceni

264 1827 544 1893 altumve
605 1827 956 1912 suspirium
1011 1832 1075 1894 et
1135 1828 1356 1894 oculos
1404 1828 1618 1894 subito
1665 1830 1940 1895 acriores
1987 1834 2099 1895 aut
2142 1829 2304 1915 quid

261 1916 364 1981 his
425 1918 633 1982 simile
691 1916 999 1983 indicium
1059 1917 1345 1983 adfectus
1406 1919 1731 2002 animique
1786 1920 2042 2005 signum
2096 1923 2301 2004 putat,

192 2020 224 2067 3
261 2005 510 2070 fallitur
553 2028 672 2071 nec
716 2006 1034 2092 intellegit
1080 2008 1369 2091 corporis
1414 2008 1535 2073 hos
1583 2030 1719 2073 esse
1755 2008 1997 2092 pulsus.
2082 2010 2305 2093 itaque

262 2097 328 2158 et
369 2093 758 2160 fortissimus
804 2096 1182 2180 plerumque
1227 2098 1329 2161 vir
1373 2096 1527 2161 dum
1570 2100 1853 2161 armatur
1888 2097 2202 2181 expalluit
2237 2102 2305 2163 et

263 2183 448 2269 signo
513 2206 768 2269 pugnae
831 2184 982 2249 dato
1047 2185 1457 2269 ferocissimo·
1508 2187 1703 2252 militi
1766 2187 2031 2271 paulum
2090 2208 2304 2273 genua

258 2276 657 2337 tremuerunt
685 2278 750 2338 et
776 2296 1010 2359 magno
1044 2275 1419 2359 imperatori
1454 2280 1796 2360 antequam
1832 2277 1999 2341 inter
2027 2298 2094 2342 se
2132 2276 2300 2341 acies

261 2361 605 2426 arietarent
650 2383 761 2427 cor
805 2364 1033 2427 exiluit
1077 2367 1142 2427 et
1187 2364 1427 2429 oratori
1464 2364 1989 2448 eloquentissimo
2029 2364 2181 2430 dum
2218 2363 2302 2428 ad

188 2465 222 2512 4
263 2450 600 2516 dicendum
637 2452 1026 2535 conponitur
1062 2474 1311 2517 summa
1346 2454 1697 2539 riguerunt.
1771 2454 1867 2518 ira
1892 2475 2027 2518 non
2054 2455 2302 2519 moveri

260 2543 512 2605 tantum
574 2539 760 2604 debet
816 2540 926 2606 sed
987 2562 1346 2625 excurrere3
1404 2546 1501 2606 est
1560 2543 1729 2607 enim
1788 2544 2071 2627 inpetus3
2116 2564 2303 2607 num-

263 2651 455 2712 quam
515 2633 726 2694 autem
786 2630 1064 2714 impetus
1125 2631 1260 2695 sine
1316 2630 1589 2695 adsensu
1642 2632 1875 2716 mentis
1921 2635 2043 2715 est,
2088 2653 2300 2716 neque

261 2718 431 2782 enim
476 2718 617 2783 fieri
655 2714 878 2803 'potest
922 2723 996 2783 ut
1041 2718 1119 2783 de
1147 2718 1411 2784 'ultione
1457 2723 1523 2783 et
1566 2742 1775 2804 poena
1816 2724 2045 2805 agatur
2080 2722 2297 2785 animo

259 2803 596 2871 nesciente.
704 2808 960 2892 putavit
1021 2831 1088 2873 se
1151 2809 1385 2892 aliquis
1448 2808 1719 2892 laesum,
1782 2809 1991 2873 voluit
2051 2810 2300 2893 ulcisci,

438 2997 472 3052 1
510 2997 642 3055 inde
679 3000 767 3054 est
803 2998 954 3069 quod
990 3001 1044 3055 L
1078 3001 1214 3070 volq.
1250 3000 1401 3054 idest
1428 3000 1581 3069 quod
1606 3001 1663 3056 A
1700 2998 1985 3069 iidemque
2013 3002 2253 3073 Madvig
2276 3002 2301 3074 Η

258 3068 295 3123 8
330 3068 604 3124 lectorum
643 3114 654 3125 .
688 3114 698 3123 .
739 3070 956 3125 animos
999 3070 1161 3127 Gertz
1202 3072 1350 3140 (edit.
1380 3088 1441 3141 p.
1472 3074 1599 3141 415)
1648 3070 1875 3125 lectoris
1905 3112 1917 3125 .
1949 3115 1962 3127 .
1994 3073 2213 3127 animos
2239 3074 2297 3129 A

257 3140 528 3195 lectoris.
561 3184 571 3195 .
605 3142 854 3195 animum
893 3143 1087 3197 Muret
1119 3142 1140 3215 Η
1176 3141 1244 3198 11
1282 3142 1500 3211 xenoph
1508 3142 1685 3211 antols
1716 3144 1769 3211 (ο
1808 3159 1875 3197 ex
1909 3160 2045 3199 corr.
2084 3151 2137 3199 et
2172 3162 2299 3200 cum

257 3228 365 3266 raa
394 3211 520 3279 fort.
552 3231 590 3267 a
615 3230 788 3267 manu
816 3215 868 3283 1)
896 3214 953 3268 A
987 3212 1009 3285 ΙΙ
1044 3211 1116 3267 13
1143 3229 1212 3268 ex
1242 3214 1293 3267 is
1321 3214 1603 3270 Rossbach
1635 3204 1656 3286 ss
1691 3212 1759 3268 17
1787 3215 2003 3268 motum
2032 3215 2117 3270 A⁶
2152 3217 2297 3285 (tum

257 3284 322 3335 in
364 3284 496 3351 ras.)
547 3283 568 3355 ΙΙ
617 3283 686 3338 18
720 3285 932 3339 umoris
977 3300 1110 3339 corr.
1153 3287 1220 3340 in
1262 3285 1512 3339 humoris
1549 3284 1634 3340 A²
1651 3286 1719 3354 (?)
1768 3283 1789 3355 ΙΙ
1837 3282 1908 3338 19
1950 3285 2203 3341 altumue
2240 3289 2297 3341 A

260 3356 734 3494 ,ffz'affimffi
755 3356 1034 3483 ’115Ύὲἒῖ
1057 3356 1303 3483 3322AE
1330 3356 1415 3484 ἷξε
1455 3355 2148 3500 ῗὲῗὲἓὲθξιξὲἓέἕΰὲῗω
2187 3360 2242 3413 Α
2274 3358 2299 3429 ¹¹

2342 1033 2397 1074 10

2343 1493 2396 1534 15

2339 2383 2397 2425 25
