2544 3746
248 74 376 139 172
645 71 706 125 L.
735 69 1020 125 ANNAEI
1056 68 1386 125 SENECAE
1423 68 1611 124 DIAL.
1640 68 1775 125 LIB.
1806 68 1901 126 VI.

243 220 418 282 tutes
481 217 740 282 illarum
805 215 876 281 in
937 218 1151 281 artum
1221 213 1609 281 retraxisse?
1715 237 1835 300 par
1904 214 2063 299 illis,
2126 216 2287 281 mihi

245 305 456 391 crede,
529 305 744 392 vigor,
813 327 934 391 par
1004 305 1086 370 ad
1156 304 1459 388 honesta,
1528 304 1754 388 libeat,
1826 303 2099 370 facultas
2164 310 2289 389 est3

245 395 532 461 dolorem
569 395 988 479 laboremque
1024 416 1105 459 ex
1140 415 1375 479 aequo,
1412 393 1467 459 si
1496 414 1909 477 consuevere,
1934 393 2288 480 patiuntur.

243 484 314 549 in
359 506 488 569 qua
531 484 706 550 istud
750 485 934 569 urbe,
981 483 1049 548 di
1093 484 1279 568 boni,
1320 482 1693 567 loquimur?
1780 482 1851 548 in
1896 506 2025 567 qua
2066 506 2291 570 regem

243 572 554 639 Romanis
593 573 914 659 capitibus
941 572 1244 639 Lucretia
1270 576 1335 637 et
1360 571 1604 637 Brutus
1642 572 2035 639 deiecerunt:
2079 572 2291 639 Bruto

242 662 608 728 libertatem
639 662 977 746 debemus,
1001 660 1340 727 Lucretiae
1366 660 1673 746 Brutum3
1717 661 1789 726 in
1820 683 1949 746 qua
1976 658 2291 727 Cloeliam

244 754 618 837 contempto
674 754 740 817 et
792 751 981 817 hoste
1031 754 1098 817 et
1142 750 1410 816 flumine
1456 750 1541 816 ob
1585 750 1908 836 insignem
1954 750 2291 817 audaciam

242 844 500 907 tantum
543 863 678 905 non
722 840 793 905 in
834 840 1008 906 viros
1054 839 1603 925 transcripsimus:
1665 840 1949 925 equestri
2002 839 2290 907 insidens

245 933 495 995 statuae
539 930 611 995 in
645 950 837 995 sacra
879 930 1013 1014 via,
1067 930 1482 995 celeberrimo
1539 929 1715 1013 loco,
1774 926 2016 995 Cloelia
2062 952 2289 1016 expro-

244 1019 392 1084 brat
453 1019 793 1089 iuvenibus
851 1018 1091 1085 nostris
1150 1019 1491 1105 pulvinum
1552 1018 2040 1085 escendentibus
2096 1020 2169 1084 in
2214 1042 2292 1085 ea

244 1108 392 1174 illos
455 1109 615 1174 urbe
679 1108 774 1173 sic
835 1107 1116 1195 ingredi,
1177 1108 1248 1174 in
1312 1129 1441 1193 qua
1502 1108 1698 1173 etiam
1770 1108 2043 1174 feminas
2119 1130 2289 1193 equo

245 1196 643 1263 donavimus.
735 1198 909 1282 quod
969 1197 1026 1263 si
1082 1197 1206 1262 tibi
1258 1197 1358 1265 vis
1414 1197 1709 1283 exempla
1751 1196 1976 1263 referri
2018 1197 2292 1264 femina-

240 1308 386 1351 rum
397 1335 417 1371 ,
480 1309 644 1372 quae
707 1308 860 1353 suos
923 1285 1180 1352 fortiter
1235 1285 1763 1370 desideraverint,
1818 1307 1955 1352 non
1999 1286 2289 1353 ostiatim

244 1397 572 1461 quaeram3
646 1398 726 1441 ex
787 1398 919 1441 una
979 1374 1103 1441 tibi
1165 1375 1413 1440 familia
1476 1375 1633 1441 duas
1698 1373 2025 1441 Cornelias
2092 1375 2289 1441 dabo:

240 1465 517 1550 primam
579 1462 900 1550 Scipionis
961 1463 1194 1548 filiam,
1252 1462 1690 1553 Gracchorum
1748 1468 2039 1529 matrem.
2132 1465 2289 1531 duo-

242 1553 448 1619 decim
504 1554 619 1619 illa
671 1557 896 1640 partus
941 1551 1214 1618 totidem
1259 1552 1593 1619 funeribus
1638 1552 2045 1640 recognovit3
2096 1558 2163 1619 et
2206 1554 2289 1619 de

242 1643 470 1708 ceteris
524 1642 714 1709 facile
769 1646 896 1727 est,
940 1663 1103 1728 quos
1148 1663 1270 1707 nec
1316 1642 1521 1707 editos
1575 1664 1695 1707 nec
1740 1643 2010 1707 amissos
2056 1643 2290 1708 civitas

243 1732 467 1797 sensit:
549 1731 881 1798 Tiberium
947 1730 1338 1816 Gaiumque,
1411 1752 1573 1817 quos
1638 1730 1834 1797 etiam
1900 1732 2012 1815 qui
2076 1732 2287 1797 bonos

240 1822 413 1888 viros
479 1822 810 1908 negaverit
867 1842 1138 1908 magnos
1199 1820 1537 1906 fatebitur,
1595 1824 1662 1888 et
1720 1821 1965 1888 occisos
2011 1821 2178 1888 vidit
2220 1827 2292 1887 et

241 1911 618 1996 insepultos.
709 1911 1191 1977 consolantibus
1256 1915 1476 1977 tamen
1537 1911 1966 1994 miseramque
2021 1911 2290 1977 dicenti-

240 2000 391 2065 bus:
453 2000 870 2084 ‘numquam'
915 2001 1130 2085 inquit
1176 2001 1341 2066 ‘non
1384 2001 1639 2066 felicem
1684 2022 1789 2066 me
1835 2000 2076 2084 dicam,
2122 2022 2292 2085 quae

243 2088 564 2156 Gracchos
637 2089 900 2175 peperi.'
1017 2088 1315 2156 Cornelia
1376 2089 1523 2155 Livi
1582 2089 1783 2156 Drusi
1840 2091 2291 2156 clarissimum

240 2179 539 2244 iuvenem
612 2179 902 2245 inlustris
977 2179 1248 2266 ingenii,
1319 2179 1659 2245 vadentem
1734 2202 1850 2264 per
1913 2177 2295 2248 Gracchana

241 2268 516 2356 vestigia
559 2269 929 2354 inperfectis
965 2273 1068 2336 tot
1100 2269 1547 2356 rogationibus
1584 2269 1757 2336 intra
1790 2273 2054 2355 penates
2091 2271 2292 2360 inter-

243 2362 532 2443 emptum
579 2380 758 2442 suos,
804 2359 1106 2423 amiserat
1149 2359 1396 2424 incerto
1444 2358 1653 2424 caedis
1701 2363 1979 2424 auctore.
2066 2363 2291 2426 tamen

241 2533 339 2570 sec.
371 2534 439 2570 m.
478 2515 730 2592 mulieris
768 2517 897 2572 AF
937 2515 1309 2571 muliebribus
1349 2518 1487 2587 volq.
1535 2518 1629 2572 ‘ex
1663 2523 1762 2572 vet.
1792 2517 1906 2572 lect.
1936 2519 2233 2572 Pinciani'
2270 2519 2294 2591 ΙΙ

241 2587 277 2642 2
331 2586 512 2642 libeat
556 2588 638 2655 A,
693 2588 840 2657 quod
881 2590 963 2643 sic
1007 2589 1154 2643 nude
1198 2590 1446 2657 positum
1489 2589 1628 2654 ferri
1671 2605 1786 2643 non
1830 2605 1992 2658 posse
2035 2598 2292 2660 apparet,

241 2676 340 2714 nec
394 2660 444 2713 si
493 2657 698 2726 libeat,
748 2658 928 2714 libeat
976 2659 1170 2727 modo,
1221 2658 1401 2714 libeat
1448 2661 1673 2714 tantum
1724 2660 1932 2730 (Gertz)
1987 2661 2293 2717 admodum

235 2731 419 2800 placet
456 2729 637 2784 libera
665 2744 698 2785 ς
733 2729 968 2785 libertas
998 2733 1057 2786 et
1083 2731 1121 2785 f.
1150 2731 1438 2786 Schultess.
1469 2749 1548 2786 au
1582 2730 1843 2798 libertas,
1870 2731 2017 2786 fac?
2109 2732 2147 2786 3
2174 2735 2224 2787 si
2253 2747 2293 2787 ς

243 2818 301 2855 se
329 2803 386 2856 A
426 2801 433 2872 Ι
465 2801 504 2855 6
529 2802 589 2855 in
617 2817 731 2870 qua
761 2801 1030 2856 Cloeliam
1049 2804 1112 2858 F
1130 2802 1266 2873 volq.
1299 2803 1359 2856 in
1387 2820 1498 2871 quo
1528 2802 1766 2856 coeliam
1784 2805 1841 2858 A
1866 2803 1887 2876 ΙΙ
1914 2803 1943 2858 7
1974 2805 2033 2857 et
2102 2807 2225 2859 oste
2253 2819 2292 2860 ς

241 2872 404 2927 inhos
433 2888 464 2926 e
493 2875 547 2927 A
585 2873 748 2927 hoste
777 2873 839 2928 F
865 2874 1002 2944 volq.
1041 2873 1062 2945 Η
1105 2873 1141 2928 8
1176 2874 1428 2928 insidens
1450 2881 1566 2929 =aut
1601 2874 1891 2929 delendum
1928 2881 2029 2930 aut
2061 2882 2292 2930 mutan-

241 2945 374 2998 dum
425 2961 535 2999 esse
582 2947 647 2998 iu
696 2945 934 3014 insignis
985 2947 1196 3000 censuit
1244 2946 1305 3000 Ο.
1334 2946 1489 3001 Jahn
1538 2961 1683 3014 equo
1726 2946 1981 3015 vestique
2030 2946 2291 3002 insidens

243 3015 530 3085 stragulae
560 3017 782 3100 licenter
801 3017 925 3100 Joh.
942 3017 1184 3082 Mallem-,-
1209 3017 1401 3072 malim
1428 3013 1551 3102 cuin
1574 3017 1793 3101 Gertzio
1820 3024 2023 3102 putare
2050 3018 2291 3103 Seuecae

241 3088 578 3213 3⁶52&ss
611 3089 885 3229 {2333ss
903 3089 978 3214 '²31‘
981 3105 1038 3232 ‘1‘1'
1059 3105 1164 3215 1¹²?
1165 3089 1561 3225 Ztsfflmffi
1576 3105 1704 3215 2:⁶3⁰
1706 3095 1767 3214 ‘3
1791 3090 2291 3226 ᾉὟὲἐῗῑῗῗῗέὶέ

242 3233 297 3284 A
347 3229 368 3301 ΙΙ
416 3230 485 3284 17
531 3229 700 3285 facile
751 3231 838 3284 est
877 3232 934 3285 A
985 3231 1107 3299 (cfr.
1150 3232 1525 3287 Friedlc‘iuder
1569 3233 1647 3287 ad
1682 3231 1939 3287 Martial.
1969 3234 2009 3287 1
2043 3237 2131 3300 18,
2154 3237 2189 3287 5
2234 3239 2289 3288 et

244 3301 513 3356 Schultess
556 3302 755 3356 Philoz.
785 3303 926 3356 Anz.
959 3303 1020 3356 X
1033 3302 1151 3356 VII
1183 3318 1244 3371 p.
1282 3305 1411 3374 297)
1458 3303 1627 3357 facile
1665 3305 1789 3358 erat
1826 3304 1986 3358 Koch
2032 3303 2039 3375 Ι
2086 3304 2285 3377 neelle-

245 3371 577 3444 ditosslnecll
598 3373 682 3426 A⁵
715 3373 736 3444 Η
771 3373 842 3427 18
879 3372 1166 3428 Tiberium
1201 3373 1519 3444 Gaiumque
1555 3375 1827 3430 Schultess
1865 3373 1943 3429 .Τ.
1972 3376 2283 3444 gracchum

243 3443 300 3496 A
337 3443 560 3510 (lineola
596 3461 768 3513 supra
805 3443 850 3496 T
880 3452 1075 3513 postca
1112 3448 1291 3517 erasa)
1327 3446 1349 3520 Η
1382 3445 1455 3502 22
1490 3446 1635 3501 Livii
1672 3447 1905 3516 Lipsius
1942 3446 2065 3502 diui
2093 3449 2148 3503 A

2328 1043 2391 1083 10

2329 1488 2393 1528 15
