<?xml version="1.0" encoding="UTF-8"?>
<!DOCTYPE html PUBLIC "-//W3C//DTD XHTML 1.0 Transitional//EN"
    "http://www.w3.org/TR/xhtml1/DTD/xhtml1-transitional.dtd">
<html xmlns="http://www.w3.org/1999/xhtml" xml:lang="en" lang="en">
 <head>
  <title>
</title>
<meta http-equiv="Content-Type" content="text/html;charset=utf-8" />
  <meta name='ocr-system' content='tesseract 3.04.00' />
  <meta name='ocr-capabilities' content='ocr_page ocr_carea ocr_par ocr_line ocrx_word'/>
</head>
<body>
  <div class='ocr_page' id='page_1' title='image "./lannaeisenecaeo01unkngoog_0272.png"; bbox 0 0 2544 3746; ppageno 0'>
   <div class='ocr_carea' id='block_1_1' title="bbox 241 82 1883 169">
    <p class='ocr_par' dir='ltr' id='par_1_1' title="bbox 241 82 1883 169">
     <span class='ocr_line' id='line_1_1' title="bbox 241 82 1883 169; baseline -0.004 -10"><span class='ocrx_word' id='word_1_1' title='bbox 241 103 371 169; x_wconf 78' lang='lat'><strong>248</strong></span> <span class='ocrx_word' id='word_1_2' title='bbox 628 100 690 156; x_wconf 86' lang='lat' dir='ltr'><strong>L.</strong></span> <span class='ocrx_word' id='word_1_3' title='bbox 721 96 1006 153; x_wconf 63' lang='lat' dir='ltr'><strong>Anium</strong></span> <span class='ocrx_word' id='word_1_4' title='bbox 1041 82 1373 153; x_wconf 66' lang='lat' dir='ltr'><strong>smum</strong></span> <span class='ocrx_word' id='word_1_5' title='bbox 1408 96 1598 152; x_wconf 73' lang='lat' dir='ltr'><strong>nun</strong></span> <span class='ocrx_word' id='word_1_6' title='bbox 1627 96 1762 153; x_wconf 78' lang='lat' dir='ltr'><strong>ms.</strong></span> <span class='ocrx_word' id='word_1_7' title='bbox 1790 96 1883 153; x_wconf 81' lang='lat' dir='ltr'><strong>lx.</strong></span> 
     </span>
    </p>
   </div>
   <div class='ocr_carea' id='block_1_2' title="bbox 137 237 2381 2558">
    <p class='ocr_par' dir='ltr' id='par_1_2' title="bbox 239 237 2285 508">
     <span class='ocr_line' id='line_1_2' title="bbox 241 237 2285 329; baseline -0.001 -18"><span class='ocrx_word' id='word_1_8' title='bbox 241 245 352 311; x_wconf 80' lang='lat' dir='ltr'><strong>sed</strong></span> <span class='ocrx_word' id='word_1_9' title='bbox 417 248 709 311; x_wconf 87' lang='lat' dir='ltr'><strong>senectus</strong></span> <span class='ocrx_word' id='word_1_10' title='bbox 771 244 852 309; x_wconf 87' lang='lat' dir='ltr'><strong>ad</strong></span> <span class='ocrx_word' id='word_1_11' title='bbox 909 242 1281 309; x_wconf 78' lang='lat' dir='ltr'><strong>novandum</strong></span> <span class='ocrx_word' id='word_1_12' title='bbox 1334 243 1524 329; x_wconf 80' lang='lat' dir='ltr'><strong>pigra</strong></span> <span class='ocrx_word' id='word_1_13' title='bbox 1568 242 1930 329; x_wconf 86' lang='lat' dir='ltr'><strong>deprendit3</strong></span> <span class='ocrx_word' id='word_1_14' title='bbox 1988 237 2169 309; x_wconf 86' lang='lat' dir='ltr'><strong>adice</strong></span> <span class='ocrx_word' id='word_1_15' title='bbox 2214 247 2285 309; x_wconf 78' lang='lat' dir='ltr'><strong>et</strong></span> 
     </span>
     <span class='ocr_line' id='line_1_3' title="bbox 240 332 2285 419; baseline -0 -19"><span class='ocrx_word' id='word_1_16' title='bbox 240 336 416 418; x_wconf 86' lang='lat' dir='ltr'><strong>illos,</strong></span> <span class='ocrx_word' id='word_1_17' title='bbox 472 334 585 419; x_wconf 90' lang='lat' dir='ltr'><strong>qui</strong></span> <span class='ocrx_word' id='word_1_18' title='bbox 637 356 772 400; x_wconf 95' lang='lat' dir='ltr'><strong>non</strong></span> <span class='ocrx_word' id='word_1_19' title='bbox 825 333 1226 399; x_wconf 73' lang='lat' dir='ltr'><strong>constantiae</strong></span> <span class='ocrx_word' id='word_1_20' title='bbox 1268 332 1430 396; x_wconf 83' lang='lat' dir='ltr'><strong>vitio</strong></span> <span class='ocrx_word' id='word_1_21' title='bbox 1476 354 1706 419; x_wconf 87' lang='lat' dir='ltr'><strong>parum</strong></span> <span class='ocrx_word' id='word_1_22' title='bbox 1750 333 1924 399; x_wconf 80' lang='lat' dir='ltr'><strong>leves</strong></span> <span class='ocrx_word' id='word_1_23' title='bbox 1972 335 2124 398; x_wconf 86' lang='lat' dir='ltr'><strong>sunt</strong></span> <span class='ocrx_word' id='word_1_24' title='bbox 2167 333 2285 399; x_wconf 87' lang='lat' dir='ltr'><strong>sed</strong></span> 
     </span>
     <span class='ocr_line' id='line_1_4' title="bbox 239 420 2281 508; baseline -0.002 -19"><span class='ocrx_word' id='word_1_25' title='bbox 239 424 531 508; x_wconf 85' lang='lat' dir='ltr'><strong>inertiae,</strong></span> <span class='ocrx_word' id='word_1_26' title='bbox 578 427 644 489; x_wconf 89' lang='lat' dir='ltr'><strong>et</strong></span> <span class='ocrx_word' id='word_1_27' title='bbox 686 423 915 489; x_wconf 79' lang='lat' dir='ltr'><strong>vivont</strong></span> <span class='ocrx_word' id='word_1_28' title='bbox 957 444 1092 488; x_wconf 89' lang='lat' dir='ltr'><strong>non</strong></span> <span class='ocrx_word' id='word_1_29' title='bbox 1137 421 1463 507; x_wconf 92' lang='lat' dir='ltr'><strong>quomodo</strong></span> <span class='ocrx_word' id='word_1_30' title='bbox 1500 423 1757 507; x_wconf 79' lang='lat' dir='ltr'><strong>volunt,</strong></span> <span class='ocrx_word' id='word_1_31' title='bbox 1802 420 1915 487; x_wconf 89' lang='lat' dir='ltr'><strong>sed</strong></span> <span class='ocrx_word' id='word_1_32' title='bbox 1954 421 2281 506; x_wconf 90' lang='lat' dir='ltr'><strong>quomodo</strong></span> 
     </span>
    </p>

    <p class='ocr_par' dir='ltr' id='par_1_3' title="bbox 171 511 2379 1310">
     <span class='ocr_line' id='line_1_5' title="bbox 171 511 2355 598; baseline -0.002 -18"><span class='ocrx_word' id='word_1_33' title='bbox 171 532 202 580; x_wconf 79' lang='grc'><strong>7</strong></span> <span class='ocrx_word' id='word_1_34' title='bbox 241 517 604 598; x_wconf 86' lang='lat' dir='ltr'><strong>coeperunt.</strong></span> <span class='ocrx_word' id='word_1_35' title='bbox 711 512 1207 577; x_wconf 88' lang='lat' dir='ltr'><strong>innumerabiles</strong></span> <span class='ocrx_word' id='word_1_36' title='bbox 1281 511 1581 595; x_wconf 76' lang='lat' dir='ltr'><strong>deinceps</strong></span> <span class='ocrx_word' id='word_1_37' title='bbox 1640 512 2063 596; x_wconf 79' lang='lat' dir='ltr'><strong>proprietates</strong></span> <span class='ocrx_word' id='word_1_38' title='bbox 2128 514 2290 577; x_wconf 87' lang='lat' dir='ltr'><strong>sunt</strong></span> <span class='ocrx_word' id='word_1_39' title='bbox 2347 567 2355 575; x_wconf 77' lang='grc'>,</span> 
     </span>
     <span class='ocr_line' id='line_1_6' title="bbox 240 598 2377 685; baseline -0.003 -18"><span class='ocrx_word' id='word_1_40' title='bbox 240 603 351 667; x_wconf 89' lang='lat' dir='ltr'><strong>sed</strong></span> <span class='ocrx_word' id='word_1_41' title='bbox 405 624 572 667; x_wconf 89' lang='lat' dir='ltr'><strong>unus</strong></span> <span class='ocrx_word' id='word_1_42' title='bbox 619 601 882 667; x_wconf 86' lang='lat' dir='ltr'><strong>effectus</strong></span> <span class='ocrx_word' id='word_1_43' title='bbox 927 601 1101 683; x_wconf 80' lang='lat' dir='ltr'><strong>vitii,</strong></span> <span class='ocrx_word' id='word_1_44' title='bbox 1163 600 1288 666; x_wconf 90' lang='lat' dir='ltr'><strong>sibi</strong></span> <span class='ocrx_word' id='word_1_45' title='bbox 1332 600 1686 685; x_wconf 75' lang='lat' dir='ltr'>displicere.</span> <span class='ocrx_word' id='word_1_46' title='bbox 1720 640 1729 647; x_wconf 28' lang='grc' dir='ltr'>κ</span> <span class='ocrx_word' id='word_1_47' title='bbox 1778 602 1904 666; x_wconf 85' lang='lat' dir='ltr'><strong>hoc</strong></span> <span class='ocrx_word' id='word_1_48' title='bbox 1949 599 2153 665; x_wconf 82' lang='lat' dir='ltr'><strong>oritur</strong></span> <span class='ocrx_word' id='word_1_49' title='bbox 2199 598 2285 665; x_wconf 87' lang='lat' dir='ltr'><strong>ab</strong></span> <span class='ocrx_word' id='word_1_50' title='bbox 2348 618 2377 660; x_wconf 78' lang='lat' dir='ltr'><strong>s</strong></span> 
     </span>
     <span class='ocr_line' id='line_1_7' title="bbox 239 688 2285 775; baseline -0 -19"><span class='ocrx_word' id='word_1_51' title='bbox 239 691 617 775; x_wconf 72' lang='lat' dir='ltr'><strong>intemperie</strong></span> <span class='ocrx_word' id='word_1_52' title='bbox 684 690 884 755; x_wconf 88' lang='lat' dir='ltr'><strong>animi</strong></span> <span class='ocrx_word' id='word_1_53' title='bbox 943 694 1009 755; x_wconf 89' lang='lat' dir='ltr'><strong>et</strong></span> <span class='ocrx_word' id='word_1_54' title='bbox 1066 689 1529 773; x_wconf 75' lang='lat' dir='ltr'><strong>cupiditatibus</strong></span> <span class='ocrx_word' id='word_1_55' title='bbox 1584 688 1830 755; x_wconf 89' lang='lat' dir='ltr'><strong>timidis</strong></span> <span class='ocrx_word' id='word_1_56' title='bbox 1885 693 1999 754; x_wconf 91' lang='lat' dir='ltr'><strong>aut</strong></span> <span class='ocrx_word' id='word_1_57' title='bbox 2050 711 2285 774; x_wconf 89' lang='lat' dir='ltr'><strong>parum</strong></span> 
     </span>
     <span class='ocr_line' id='line_1_8' title="bbox 239 778 2285 869; baseline -0.001 -24"><span class='ocrx_word' id='word_1_58' title='bbox 239 781 591 869; x_wconf 81' lang='lat' dir='ltr'><strong>prosperis,</strong></span> <span class='ocrx_word' id='word_1_59' title='bbox 635 780 749 844; x_wconf 92' lang='lat' dir='ltr'><strong>ubi</strong></span> <span class='ocrx_word' id='word_1_60' title='bbox 793 782 908 844; x_wconf 90' lang='lat' dir='ltr'><strong>aut</strong></span> <span class='ocrx_word' id='word_1_61' title='bbox 949 800 1085 844; x_wconf 91' lang='lat' dir='ltr'><strong>non</strong></span> <span class='ocrx_word' id='word_1_62' title='bbox 1129 778 1393 863; x_wconf 88' lang='lat' dir='ltr'><strong>audent,</strong></span> <span class='ocrx_word' id='word_1_63' title='bbox 1440 782 1755 863; x_wconf 78' lang='lat' dir='ltr'><strong>quantum</strong></span> <span class='ocrx_word' id='word_1_64' title='bbox 1800 779 2285 863; x_wconf 88' lang='lat' dir='ltr'><strong>concupiscunt,</strong></span> 
     </span>
     <span class='ocr_line' id='line_1_9' title="bbox 239 866 2285 954; baseline -0.001 -20"><span class='ocrx_word' id='word_1_65' title='bbox 239 873 352 934; x_wconf 83' lang='lat' dir='ltr'><strong>aut</strong></span> <span class='ocrx_word' id='word_1_66' title='bbox 421 890 558 934; x_wconf 94' lang='lat' dir='ltr'><strong>non</strong></span> <span class='ocrx_word' id='word_1_67' title='bbox 629 871 1112 953; x_wconf 88' lang='lat' dir='ltr'><strong>consequuntur</strong></span> <span class='ocrx_word' id='word_1_68' title='bbox 1182 870 1249 932; x_wconf 90' lang='lat' dir='ltr'><strong>et</strong></span> <span class='ocrx_word' id='word_1_69' title='bbox 1311 868 1382 932; x_wconf 93' lang='lat' dir='ltr'><strong>in</strong></span> <span class='ocrx_word' id='word_1_70' title='bbox 1456 888 1636 954; x_wconf 90' lang='lat' dir='ltr'><strong>spem</strong></span> <span class='ocrx_word' id='word_1_71' title='bbox 1699 868 1824 933; x_wconf 90' lang='lat' dir='ltr'><strong>toti</strong></span> <span class='ocrx_word' id='word_1_72' title='bbox 1885 866 2285 953; x_wconf 76' lang='lat' dir='ltr'><strong>prominent:</strong></span> 
     </span>
     <span class='ocr_line' id='line_1_10' title="bbox 241 955 2285 1042; baseline -0.001 -19"><span class='ocrx_word' id='word_1_73' title='bbox 241 980 494 1042; x_wconf 78' lang='lat' dir='ltr'><strong>semper</strong></span> <span class='ocrx_word' id='word_1_74' title='bbox 551 955 882 1023; x_wconf 83' lang='lat' dir='ltr'><strong>instabiles</strong></span> <span class='ocrx_word' id='word_1_75' title='bbox 938 956 1338 1041; x_wconf 88' lang='lat' dir='ltr'><strong>mobilesque</strong></span> <span class='ocrx_word' id='word_1_76' title='bbox 1394 962 1572 1039; x_wconf 87' lang='lat' dir='ltr'><strong>sunt,</strong></span> <span class='ocrx_word' id='word_1_77' title='bbox 1636 956 1811 1041; x_wconf 92' lang='lat' dir='ltr'><strong>quod</strong></span> <span class='ocrx_word' id='word_1_78' title='bbox 1869 977 2127 1023; x_wconf 86' lang='lat' dir='ltr'><strong>necesse</strong></span> <span class='ocrx_word' id='word_1_79' title='bbox 2182 960 2285 1021; x_wconf 89' lang='lat' dir='ltr'><strong>est</strong></span> 
     </span>
     <span class='ocr_line' id='line_1_11' title="bbox 240 1044 2379 1132; baseline -0.003 -20"><span class='ocrx_word' id='word_1_80' title='bbox 240 1048 522 1113; x_wconf 87' lang='lat' dir='ltr'><strong>accidere</strong></span> <span class='ocrx_word' id='word_1_81' title='bbox 581 1046 1025 1132; x_wconf 83' lang='lat' dir='ltr'><strong>pendentibus.</strong></span> <span class='ocrx_word' id='word_1_82' title='bbox 1127 1044 1208 1109; x_wconf 95' lang='lat' dir='ltr'><strong>ad</strong></span> <span class='ocrx_word' id='word_1_83' title='bbox 1254 1051 1410 1111; x_wconf 84' lang='lat' dir='ltr'><strong>vota</strong></span> <span class='ocrx_word' id='word_1_84' title='bbox 1464 1067 1582 1111; x_wconf 91' lang='lat' dir='ltr'><strong>sua</strong></span> <span class='ocrx_word' id='word_1_85' title='bbox 1636 1045 1814 1112; x_wconf 88' lang='lat' dir='ltr'><strong>omni</strong></span> <span class='ocrx_word' id='word_1_86' title='bbox 1856 1045 1964 1110; x_wconf 80' lang='lat' dir='ltr'><strong>via</strong></span> <span class='ocrx_word' id='word_1_87' title='bbox 2007 1045 2285 1112; x_wconf 86' lang='lat' dir='ltr'><strong>tendunt</strong></span> <span class='ocrx_word' id='word_1_88' title='bbox 2324 1064 2379 1105; x_wconf 84' lang='grc' dir='ltr'><strong>ιο</strong></span> 
     </span>
     <span class='ocr_line' id='line_1_12' title="bbox 239 1134 2285 1221; baseline -0.001 -19"><span class='ocrx_word' id='word_1_89' title='bbox 239 1140 308 1202; x_wconf 88' lang='lat' dir='ltr'><strong>et</strong></span> <span class='ocrx_word' id='word_1_90' title='bbox 359 1136 703 1201; x_wconf 87' lang='lat' dir='ltr'><strong>inhonesta</strong></span> <span class='ocrx_word' id='word_1_91' title='bbox 751 1157 820 1201; x_wconf 89' lang='lat' dir='ltr'><strong>se</strong></span> <span class='ocrx_word' id='word_1_92' title='bbox 865 1156 942 1201; x_wconf 90' lang='lat' dir='ltr'><strong>ac</strong></span> <span class='ocrx_word' id='word_1_93' title='bbox 987 1134 1278 1200; x_wconf 86' lang='lat' dir='ltr'><strong>difficilia</strong></span> <span class='ocrx_word' id='word_1_94' title='bbox 1323 1134 1558 1199; x_wconf 87' lang='lat' dir='ltr'><strong>docent</strong></span> <span class='ocrx_word' id='word_1_95' title='bbox 1602 1137 2000 1221; x_wconf 82' lang='lat' dir='ltr'><strong>coguntque,</strong></span> <span class='ocrx_word' id='word_1_96' title='bbox 2057 1139 2126 1200; x_wconf 89' lang='lat' dir='ltr'><strong>et</strong></span> <span class='ocrx_word' id='word_1_97' title='bbox 2164 1134 2285 1199; x_wconf 87' lang='lat' dir='ltr'><strong>ubi</strong></span> 
     </span>
     <span class='ocr_line' id='line_1_13' title="bbox 239 1223 2287 1310; baseline -0.001 -20"><span class='ocrx_word' id='word_1_98' title='bbox 239 1225 386 1291; x_wconf 80' lang='lat' dir='ltr'><strong>sine·</strong></span> <span class='ocrx_word' id='word_1_99' title='bbox 431 1225 717 1310; x_wconf 86' lang='lat' dir='ltr'><strong>praemio</strong></span> <span class='ocrx_word' id='word_1_100' title='bbox 764 1224 951 1289; x_wconf 83' lang='lat' dir='ltr'><strong>labor</strong></span> <span class='ocrx_word' id='word_1_101' title='bbox 993 1227 1124 1307; x_wconf 90' lang='lat' dir='ltr'><strong>est,</strong></span> <span class='ocrx_word' id='word_1_102' title='bbox 1175 1226 1439 1307; x_wconf 89' lang='lat' dir='ltr'><strong>torquet</strong></span> <span class='ocrx_word' id='word_1_103' title='bbox 1482 1223 1630 1289; x_wconf 89' lang='lat' dir='ltr'><strong>illos</strong></span> <span class='ocrx_word' id='word_1_104' title='bbox 1675 1223 1943 1289; x_wconf 89' lang='lat' dir='ltr'><strong>inritum</strong></span> <span class='ocrx_word' id='word_1_105' title='bbox 1988 1224 2287 1306; x_wconf 87' lang='lat' dir='ltr'><strong>dedecus,</strong></span> 
     </span>
    </p>

    <p class='ocr_par' dir='ltr' id='par_1_4' title="bbox 170 1312 2378 1755">
     <span class='ocr_line' id='line_1_14' title="bbox 170 1312 2287 1399; baseline -0.002 -18"><span class='ocrx_word' id='word_1_106' title='bbox 170 1332 204 1381; x_wconf 83' lang='lat'><em>8</em></span> <span class='ocrx_word' id='word_1_107' title='bbox 237 1336 360 1380; x_wconf 90' lang='lat' dir='ltr'><strong>nec</strong></span> <span class='ocrx_word' id='word_1_108' title='bbox 406 1314 629 1379; x_wconf 88' lang='lat' dir='ltr'><strong>dolent</strong></span> <span class='ocrx_word' id='word_1_109' title='bbox 670 1336 870 1399; x_wconf 84' lang='lat' dir='ltr'><strong>prava</strong></span> <span class='ocrx_word' id='word_1_110' title='bbox 915 1334 984 1379; x_wconf 88' lang='lat' dir='ltr'><strong>se</strong></span> <span class='ocrx_word' id='word_1_111' title='bbox 1026 1314 1136 1378; x_wconf 83' lang='lat' dir='ltr'><strong>sed</strong></span> <span class='ocrx_word' id='word_1_112' title='bbox 1178 1312 1418 1378; x_wconf 63' lang='lat' dir='ltr'><strong>frasu-a</strong></span> <span class='ocrx_word' id='word_1_113' title='bbox 1456 1314 1754 1379; x_wconf 79' lang='lat' dir='ltr'><strong>voluisse.</strong></span> <span class='ocrx_word' id='word_1_114' title='bbox 1828 1316 1986 1378; x_wconf 88' lang='lat' dir='ltr'><strong>tunc</strong></span> <span class='ocrx_word' id='word_1_115' title='bbox 2029 1312 2179 1379; x_wconf 92' lang='lat' dir='ltr'><strong>illos</strong></span> <span class='ocrx_word' id='word_1_116' title='bbox 2216 1316 2287 1377; x_wconf 88' lang='lat' dir='ltr'><strong>et</strong></span> 
     </span>
     <span class='ocr_line' id='line_1_15' title="bbox 239 1401 2284 1488; baseline -0.002 -19"><span class='ocrx_word' id='word_1_117' title='bbox 239 1404 634 1488; x_wconf 88' lang='lat' dir='ltr'><strong>paenitentia</strong></span> <span class='ocrx_word' id='word_1_118' title='bbox 696 1404 910 1487; x_wconf 88' lang='lat' dir='ltr'><strong>coepti</strong></span> <span class='ocrx_word' id='word_1_119' title='bbox 971 1405 1151 1467; x_wconf 88' lang='lat' dir='ltr'><strong>tenet</strong></span> <span class='ocrx_word' id='word_1_120' title='bbox 1203 1406 1268 1467; x_wconf 91' lang='lat' dir='ltr'><strong>et</strong></span> <span class='ocrx_word' id='word_1_121' title='bbox 1322 1401 1673 1486; x_wconf 88' lang='lat' dir='ltr'><strong>incipiendi</strong></span> <span class='ocrx_word' id='word_1_122' title='bbox 1726 1401 1924 1467; x_wconf 88' lang='lat' dir='ltr'><strong>timor</strong></span> <span class='ocrx_word' id='word_1_123' title='bbox 1967 1402 2284 1485; x_wconf 89' lang='lat' dir='ltr'><strong>subrepit-</strong></span> 
     </span>
     <span class='ocr_line' id='line_1_16' title="bbox 240 1491 2378 1577; baseline -0.004 -18"><span class='ocrx_word' id='word_1_124' title='bbox 240 1514 365 1577; x_wconf 90' lang='lat' dir='ltr'><strong>que</strong></span> <span class='ocrx_word' id='word_1_125' title='bbox 424 1493 538 1557; x_wconf 87' lang='lat' dir='ltr'><strong>illa</strong></span> <span class='ocrx_word' id='word_1_126' title='bbox 597 1493 798 1557; x_wconf 89' lang='lat' dir='ltr'><strong>animi</strong></span> <span class='ocrx_word' id='word_1_127' title='bbox 855 1492 1116 1556; x_wconf 84' lang='lat' dir='ltr'><strong>iactatio</strong></span> <span class='ocrx_word' id='word_1_128' title='bbox 1176 1513 1311 1556; x_wconf 91' lang='lat' dir='ltr'><strong>non</strong></span> <span class='ocrx_word' id='word_1_129' title='bbox 1368 1491 1751 1556; x_wconf 83' lang='lat' dir='ltr'><strong>invenientis</strong></span> <span class='ocrx_word' id='word_1_130' title='bbox 1792 1491 2071 1575; x_wconf 66' lang='lat' dir='ltr'><strong>exim,</strong></span> <span class='ocrx_word' id='word_1_131' title='bbox 2130 1491 2287 1575; x_wconf 89' lang='lat' dir='ltr'><strong>quia</strong></span> <span class='ocrx_word' id='word_1_132' title='bbox 2324 1509 2378 1551; x_wconf 68' lang='grc' dir='ltr'><strong>ιε</strong></span> 
     </span>
     <span class='ocr_line' id='line_1_17' title="bbox 238 1580 2283 1666; baseline -0.001 -19"><span class='ocrx_word' id='word_1_133' title='bbox 238 1605 360 1649; x_wconf 89' lang='lat' dir='ltr'><strong>nec</strong></span> <span class='ocrx_word' id='word_1_134' title='bbox 417 1583 728 1665; x_wconf 90' lang='lat' dir='ltr'><strong>imperare</strong></span> <span class='ocrx_word' id='word_1_135' title='bbox 789 1580 1248 1666; x_wconf 74' lang='lat' dir='ltr'><strong>cupiditatibus</strong></span> <span class='ocrx_word' id='word_1_136' title='bbox 1304 1580 1437 1645; x_wconf 89' lang='lat' dir='ltr'><strong>suis</strong></span> <span class='ocrx_word' id='word_1_137' title='bbox 1491 1601 1613 1646; x_wconf 90' lang='lat' dir='ltr'><strong>nec</strong></span> <span class='ocrx_word' id='word_1_138' title='bbox 1667 1580 1937 1665; x_wconf 85' lang='lat' dir='ltr'><strong>obsequi</strong></span> <span class='ocrx_word' id='word_1_139' title='bbox 1989 1583 2283 1665; x_wconf 84' lang='lat' dir='ltr'><strong>possunt,</strong></span> 
     </span>
     <span class='ocr_line' id='line_1_18' title="bbox 241 1668 2285 1755; baseline -0.001 -18"><span class='ocrx_word' id='word_1_140' title='bbox 241 1676 308 1737; x_wconf 88' lang='lat' dir='ltr'><strong>et</strong></span> <span class='ocrx_word' id='word_1_141' title='bbox 351 1672 676 1738; x_wconf 87' lang='lat' dir='ltr'><strong>cunctatio</strong></span> <span class='ocrx_word' id='word_1_142' title='bbox 732 1671 904 1735; x_wconf 85' lang='lat' dir='ltr'><strong>vitae</strong></span> <span class='ocrx_word' id='word_1_143' title='bbox 950 1692 1178 1755; x_wconf 89' lang='lat' dir='ltr'><strong>parum</strong></span> <span class='ocrx_word' id='word_1_144' title='bbox 1225 1691 1295 1735; x_wconf 90' lang='lat' dir='ltr'><strong>se</strong></span> <span class='ocrx_word' id='word_1_145' title='bbox 1340 1669 1720 1753; x_wconf 83' lang='lat' dir='ltr'><strong>explicantis</strong></span> <span class='ocrx_word' id='word_1_146' title='bbox 1766 1672 1833 1735; x_wconf 81' lang='lat' dir='ltr'><strong>et</strong></span> <span class='ocrx_word' id='word_1_147' title='bbox 1878 1668 2046 1734; x_wconf 90' lang='lat' dir='ltr'><strong>inter</strong></span> <span class='ocrx_word' id='word_1_148' title='bbox 2089 1669 2285 1734; x_wconf 89' lang='lat' dir='ltr'><strong>desti-</strong></span> 
     </span>
    </p>

    <p class='ocr_par' dir='ltr' id='par_1_5' title="bbox 170 1758 2381 2381">
     <span class='ocr_line' id='line_1_19' title="bbox 170 1758 2285 1845; baseline -0.002 -18"><span class='ocrx_word' id='word_1_149' title='bbox 170 1778 202 1827; x_wconf 83' lang='lat'>9</span> <span class='ocrx_word' id='word_1_150' title='bbox 239 1764 384 1827; x_wconf 79' lang='lat' dir='ltr'><strong>tute</strong></span> <span class='ocrx_word' id='word_1_151' title='bbox 430 1763 586 1825; x_wconf 79' lang='lat' dir='ltr'><strong>vota</strong></span> <span class='ocrx_word' id='word_1_152' title='bbox 629 1760 946 1845; x_wconf 89' lang='lat' dir='ltr'><strong>torpentis</strong></span> <span class='ocrx_word' id='word_1_153' title='bbox 991 1760 1190 1825; x_wconf 89' lang='lat' dir='ltr'><strong>animi</strong></span> <span class='ocrx_word' id='word_1_154' title='bbox 1236 1759 1416 1825; x_wconf 82' lang='lat' dir='ltr'><strong>situs.</strong></span> <span class='ocrx_word' id='word_1_155' title='bbox 1473 1786 1478 1790; x_wconf 93' lang='lat'><strong>·</strong></span> <span class='ocrx_word' id='word_1_156' title='bbox 1510 1780 1675 1844; x_wconf 87' lang='lat' dir='ltr'><strong>quae</strong></span> <span class='ocrx_word' id='word_1_157' title='bbox 1720 1758 1939 1823; x_wconf 91' lang='lat' dir='ltr'><strong>omnia</strong></span> <span class='ocrx_word' id='word_1_158' title='bbox 1983 1759 2285 1845; x_wconf 79' lang='lat' dir='ltr'><strong>graviora</strong></span> 
     </span>
     <span class='ocr_line' id='line_1_20' title="bbox 242 1847 2284 1934; baseline -0.001 -18"><span class='ocrx_word' id='word_1_159' title='bbox 242 1854 418 1934; x_wconf 90' lang='lat' dir='ltr'><strong>sunt,</strong></span> <span class='ocrx_word' id='word_1_160' title='bbox 491 1850 603 1915; x_wconf 89' lang='lat' dir='ltr'><strong>ubi</strong></span> <span class='ocrx_word' id='word_1_161' title='bbox 675 1850 823 1915; x_wconf 89' lang='lat' dir='ltr'><strong>odio</strong></span> <span class='ocrx_word' id='word_1_162' title='bbox 898 1848 1293 1916; x_wconf 81' lang='lat' dir='ltr'><strong>infelicitatis</strong></span> <span class='ocrx_word' id='word_1_163' title='bbox 1359 1868 1663 1933; x_wconf 86' lang='lat' dir='ltr'><strong>operosae</strong></span> <span class='ocrx_word' id='word_1_164' title='bbox 1728 1847 1809 1913; x_wconf 82' lang='lat' dir='ltr'><strong>ad</strong></span> <span class='ocrx_word' id='word_1_165' title='bbox 1872 1848 2079 1914; x_wconf 92' lang='lat' dir='ltr'><strong>otium</strong></span> <span class='ocrx_word' id='word_1_166' title='bbox 2140 1870 2284 1934; x_wconf 83' lang='lat' dir='ltr'><strong>per-</strong></span> 
     </span>
     <span class='ocr_line' id='line_1_21' title="bbox 239 1937 2381 2027; baseline -0.003 -22"><span class='ocrx_word' id='word_1_167' title='bbox 239 1941 571 2027; x_wconf 77' lang='lat' dir='ltr'><strong>fugerant,</strong></span> <span class='ocrx_word' id='word_1_168' title='bbox 619 1939 702 2003; x_wconf 89' lang='lat' dir='ltr'><strong>ad</strong></span> <span class='ocrx_word' id='word_1_169' title='bbox 745 1942 990 2005; x_wconf 88' lang='lat' dir='ltr'><strong>secreta</strong></span> <span class='ocrx_word' id='word_1_170' title='bbox 1035 1939 1274 2021; x_wconf 89' lang='lat' dir='ltr'><strong>studia,</strong></span> <span class='ocrx_word' id='word_1_171' title='bbox 1319 1960 1482 2023; x_wconf 85' lang='lat' dir='ltr'><strong>quae</strong></span> <span class='ocrx_word' id='word_1_172' title='bbox 1528 1937 1664 2022; x_wconf 91' lang='lat' dir='ltr'><strong>pati</strong></span> <span class='ocrx_word' id='word_1_173' title='bbox 1709 1957 1843 2002; x_wconf 89' lang='lat' dir='ltr'><strong>non</strong></span> <span class='ocrx_word' id='word_1_174' title='bbox 1886 1941 2105 2023; x_wconf 90' lang='lat' dir='ltr'><strong>potest</strong></span> <span class='ocrx_word' id='word_1_175' title='bbox 2148 1938 2285 2004; x_wconf 91' lang='lat' dir='ltr'><strong>ani-</strong></span> <span class='ocrx_word' id='word_1_176' title='bbox 2323 1954 2381 1998; x_wconf 66' lang='grc' dir='ltr'><strong>ιο</strong></span> 
     </span>
     <span class='ocr_line' id='line_1_22' title="bbox 241 2025 2285 2113; baseline -0.001 -19"><span class='ocrx_word' id='word_1_177' title='bbox 241 2050 384 2094; x_wconf 94' lang='lat' dir='ltr'><strong>mus</strong></span> <span class='ocrx_word' id='word_1_178' title='bbox 455 2029 534 2093; x_wconf 89' lang='lat' dir='ltr'><strong>ad</strong></span> <span class='ocrx_word' id='word_1_179' title='bbox 595 2027 810 2094; x_wconf 79' lang='lat' dir='ltr'><strong>civilia</strong></span> <span class='ocrx_word' id='word_1_180' title='bbox 869 2031 1114 2111; x_wconf 84' lang='lat' dir='ltr'><strong>erectus</strong></span> <span class='ocrx_word' id='word_1_181' title='bbox 1174 2027 1535 2113; x_wconf 73' lang='lat' dir='ltr'><strong>agendique</strong></span> <span class='ocrx_word' id='word_1_182' title='bbox 1598 2025 1871 2111; x_wconf 91' lang='lat' dir='ltr'><strong>cupidus</strong></span> <span class='ocrx_word' id='word_1_183' title='bbox 1930 2030 1996 2092; x_wconf 89' lang='lat' dir='ltr'><strong>et</strong></span> <span class='ocrx_word' id='word_1_184' title='bbox 2050 2026 2285 2092; x_wconf 88' lang='lat' dir='ltr'><strong>natura</strong></span> 
     </span>
     <span class='ocr_line' id='line_1_23' title="bbox 240 2114 2282 2203; baseline -0 -20"><span class='ocrx_word' id='word_1_185' title='bbox 240 2117 520 2203; x_wconf 80' lang='lat' dir='ltr'><strong>inquies,</strong></span> <span class='ocrx_word' id='word_1_186' title='bbox 573 2139 801 2202; x_wconf 86' lang='lat' dir='ltr'><strong>parum</strong></span> <span class='ocrx_word' id='word_1_187' title='bbox 859 2116 1103 2182; x_wconf 86' lang='lat' dir='ltr'><strong>scilicet</strong></span> <span class='ocrx_word' id='word_1_188' title='bbox 1146 2116 1217 2181; x_wconf 90' lang='lat' dir='ltr'><strong>in</strong></span> <span class='ocrx_word' id='word_1_189' title='bbox 1262 2136 1330 2181; x_wconf 90' lang='lat' dir='ltr'><strong>se</strong></span> <span class='ocrx_word' id='word_1_190' title='bbox 1376 2114 1765 2181; x_wconf 75' lang='lat' dir='ltr'><strong>solaciorum</strong></span> <span class='ocrx_word' id='word_1_191' title='bbox 1809 2115 2082 2201; x_wconf 79' lang='lat' dir='ltr'><strong>hebens3</strong></span> <span class='ocrx_word' id='word_1_192' title='bbox 2134 2117 2282 2182; x_wconf 90' lang='lat' dir='ltr'><strong>ideo</strong></span> 
     </span>
     <span class='ocr_line' id='line_1_24' title="bbox 242 2205 2285 2290; baseline -0.001 -17"><span class='ocrx_word' id='word_1_193' title='bbox 242 2207 541 2273; x_wconf 87' lang='lat' dir='ltr'><strong>detractis</strong></span> <span class='ocrx_word' id='word_1_194' title='bbox 588 2205 1151 2290; x_wconf 81' lang='lat' dir='ltr'><strong>oblectationibus,</strong></span> <span class='ocrx_word' id='word_1_195' title='bbox 1210 2225 1368 2289; x_wconf 83' lang='lat' dir='ltr'><strong>quas</strong></span> <span class='ocrx_word' id='word_1_196' title='bbox 1415 2206 1591 2290; x_wconf 87' lang='lat' dir='ltr'><strong>ipsae</strong></span> <span class='ocrx_word' id='word_1_197' title='bbox 1648 2205 2101 2288; x_wconf 82' lang='lat' dir='ltr'><strong>occupationes</strong></span> <span class='ocrx_word' id='word_1_198' title='bbox 2152 2205 2285 2272; x_wconf 86' lang='lat' dir='ltr'><strong>&#39;dis—</strong></span> 
     </span>
     <span class='ocr_line' id='line_1_25' title="bbox 242 2293 2286 2381; baseline -0.001 -18"><span class='ocrx_word' id='word_1_199' title='bbox 242 2295 643 2362; x_wconf 79' lang='lat' dir='ltr'><strong>currentibus</strong></span> <span class='ocrx_word' id='word_1_200' title='bbox 672 2294 1004 2380; x_wconf 86' lang='lat' dir='ltr'><strong>praebent,</strong></span> <span class='ocrx_word' id='word_1_201' title='bbox 1040 2295 1331 2378; x_wconf 92' lang='lat' dir='ltr'><strong>domum,</strong></span> <span class='ocrx_word' id='word_1_202' title='bbox 1372 2293 1812 2378; x_wconf 88' lang='lat' dir='ltr'><strong>solitudinem,</strong></span> <span class='ocrx_word' id='word_1_203' title='bbox 1846 2295 2123 2381; x_wconf 85' lang='lat' dir='ltr'><strong>parietes</strong></span> <span class='ocrx_word' id='word_1_204' title='bbox 2148 2317 2286 2361; x_wconf 91' lang='lat' dir='ltr'><strong>non</strong></span> 
     </span>
    </p>

    <p class='ocr_par' dir='ltr' id='par_1_6' title="bbox 137 2383 2378 2558">
     <span class='ocr_line' id='line_1_26' title="bbox 137 2383 2378 2470; baseline -0.003 -18"><span class='ocrx_word' id='word_1_205' title='bbox 137 2403 204 2452; x_wconf 87' lang='lat'><strong>10</strong></span> <span class='ocrx_word' id='word_1_206' title='bbox 239 2385 394 2470; x_wconf 88' lang='lat' dir='ltr'><strong>fert,</strong></span> <span class='ocrx_word' id='word_1_207' title='bbox 451 2385 692 2450; x_wconf 79' lang='lat' dir='ltr'><strong>invitus</strong></span> <span class='ocrx_word' id='word_1_208' title='bbox 756 2384 989 2469; x_wconf 88' lang='lat' dir='ltr'><strong>aspicit</strong></span> <span class='ocrx_word' id='word_1_209' title='bbox 1047 2405 1114 2449; x_wconf 88' lang='lat' dir='ltr'><strong>se</strong></span> <span class='ocrx_word' id='word_1_210' title='bbox 1173 2383 1300 2449; x_wconf 88' lang='lat' dir='ltr'><strong>sibi</strong></span> <span class='ocrx_word' id='word_1_211' title='bbox 1356 2384 1673 2449; x_wconf 88' lang='lat' dir='ltr'><strong>relictum.</strong></span> <span class='ocrx_word' id='word_1_212' title='bbox 1765 2384 1918 2450; x_wconf 88' lang='lat' dir='ltr'><strong>hinc</strong></span> <span class='ocrx_word' id='word_1_213' title='bbox 1975 2383 2139 2448; x_wconf 92' lang='lat' dir='ltr'><strong>illud</strong></span> <span class='ocrx_word' id='word_1_214' title='bbox 2184 2385 2285 2450; x_wconf 87' lang='lat' dir='ltr'><strong>est</strong></span> <span class='ocrx_word' id='word_1_215' title='bbox 2322 2401 2378 2445; x_wconf 66' lang='lat' dir='ltr'><strong>rs</strong></span> 
     </span>
     <span class='ocr_line' id='line_1_27' title="bbox 240 2472 2281 2558; baseline -0.001 -18"><span class='ocrx_word' id='word_1_216' title='bbox 240 2473 524 2540; x_wconf 87' lang='lat' dir='ltr'><strong>taedium</strong></span> <span class='ocrx_word' id='word_1_217' title='bbox 617 2478 682 2539; x_wconf 92' lang='lat' dir='ltr'><strong>et</strong></span> <span class='ocrx_word' id='word_1_218' title='bbox 753 2472 1160 2558; x_wconf 86' lang='lat' dir='ltr'><strong>displicentia</strong></span> <span class='ocrx_word' id='word_1_219' title='bbox 1238 2472 1341 2538; x_wconf 91' lang='lat' dir='ltr'><strong>sui</strong></span> <span class='ocrx_word' id='word_1_220' title='bbox 1414 2476 1480 2537; x_wconf 89' lang='lat' dir='ltr'><strong>et</strong></span> <span class='ocrx_word' id='word_1_221' title='bbox 1553 2493 1872 2557; x_wconf 87' lang='lat' dir='ltr'><strong>nusquam</strong></span> <span class='ocrx_word' id='word_1_222' title='bbox 1942 2473 2281 2539; x_wconf 85' lang='lat' dir='ltr'><strong>residentis</strong></span> 
     </span>
    </p>
   </div>
   <div class='ocr_carea' id='block_1_3' title="bbox 233 2681 2287 3534">
    <p class='ocr_par' dir='ltr' id='par_1_7' title="bbox 233 2681 2287 3517">
     <span class='ocr_line' id='line_1_28' title="bbox 420 2681 2282 2757; baseline -0.001 -20"><span class='ocrx_word' id='word_1_223' title='bbox 420 2683 453 2738; x_wconf 95' lang='lat'>1</span> <span class='ocrx_word' id='word_1_224' title='bbox 491 2683 758 2738; x_wconf 89' lang='lat' dir='ltr'><strong>nouanda</strong></span> <span class='ocrx_word' id='word_1_225' title='bbox 793 2699 928 2738; x_wconf 63' lang='lat' dir='ltr'><strong>eoo-r.</strong></span> <span class='ocrx_word' id='word_1_226' title='bbox 956 2684 1022 2737; x_wconf 73' lang='lat' dir='ltr'><strong>in</strong></span> <span class='ocrx_word' id='word_1_227' title='bbox 1055 2681 1325 2738; x_wconf 70' lang='lat' dir='ltr'><strong>nouandfi</strong></span> <span class='ocrx_word' id='word_1_228' title='bbox 1351 2682 1507 2738; x_wconf 76' lang='lat' dir='ltr'><strong><em>A¹··²</em></strong></span> <span class='ocrx_word' id='word_1_229' title='bbox 1534 2681 1733 2736; x_wconf 76' lang='lat' dir='ltr'><strong>deinde</strong></span> <span class='ocrx_word' id='word_1_230' title='bbox 1756 2681 1881 2737; x_wconf 80' lang='lat' dir='ltr'><strong>rad.</strong></span> <span class='ocrx_word' id='word_1_231' title='bbox 1911 2681 1996 2736; x_wconf 80' lang='lat' dir='ltr'><strong>A⁸</strong></span> <span class='ocrx_word' id='word_1_232' title='bbox 2026 2681 2049 2757; x_wconf 77' lang='grc' dir='ltr'><strong>ΙΙ</strong></span> <span class='ocrx_word' id='word_1_233' title='bbox 2082 2682 2120 2738; x_wconf 90' lang='grc'><strong>2</strong></span> <span class='ocrx_word' id='word_1_234' title='bbox 2152 2699 2282 2738; x_wconf 89' lang='lat' dir='ltr'><strong>con-</strong></span> 
     </span>
     <span class='ocr_line' id='line_1_29' title="bbox 242 2752 2283 2823; baseline -0 -13"><span class='ocrx_word' id='word_1_235' title='bbox 242 2755 488 2810; x_wconf 89' lang='lat' dir='ltr'><strong>stantiae</strong></span> <span class='ocrx_word' id='word_1_236' title='bbox 523 2754 668 2808; x_wconf 87' lang='lat' dir='ltr'><strong>uitio</strong></span> <span class='ocrx_word' id='word_1_237' title='bbox 703 2770 906 2823; x_wconf 89' lang='lat' dir='ltr'><strong>parum</strong></span> <span class='ocrx_word' id='word_1_238' title='bbox 942 2753 1097 2809; x_wconf 90' lang='lat' dir='ltr'><strong>leues</strong></span> <span class='ocrx_word' id='word_1_239' title='bbox 1133 2755 1267 2807; x_wconf 90' lang='lat' dir='ltr'><strong>sunt</strong></span> <span class='ocrx_word' id='word_1_240' title='bbox 1303 2752 1360 2808; x_wconf 98' lang='lat' dir='ltr'><strong><em>A</em></strong></span> <span class='ocrx_word' id='word_1_241' title='bbox 1405 2752 1553 2822; x_wconf 71' lang='lat' dir='ltr'><strong>quod</strong></span> <span class='ocrx_word' id='word_1_242' title='bbox 1592 2759 1733 2808; x_wconf 73' lang='lat' dir='ltr'><strong>recte</strong></span> <span class='ocrx_word' id='word_1_243' title='bbox 1768 2753 2073 2820; x_wconf 72' lang='lat' dir='ltr'><strong>defendisse</strong></span> <span class='ocrx_word' id='word_1_244' title='bbox 2108 2755 2283 2809; x_wconf 78' lang='lat' dir='ltr'><strong>Mad-</strong></span> 
     </span>
     <span class='ocr_line' id='line_1_30' title="bbox 240 2821 2287 2896; baseline -0.001 -15"><span class='ocrx_word' id='word_1_245' title='bbox 240 2828 450 2896; x_wconf 74' lang='lat' dir='ltr'><strong>viqiwm</strong></span> <span class='ocrx_word' id='word_1_246' title='bbox 484 2826 622 2880; x_wconf 77' lang='lat' dir='ltr'><strong>mihi</strong></span> <span class='ocrx_word' id='word_1_247' title='bbox 655 2841 982 2893; x_wconf 69' lang='lat' dir='ltr'><strong>persuasum</strong></span> <span class='ocrx_word' id='word_1_248' title='bbox 1016 2831 1108 2880; x_wconf 78' lang='lat' dir='ltr'><strong>est.</strong></span> <span class='ocrx_word' id='word_1_249' title='bbox 1165 2825 1266 2892; x_wconf 77' lang='lat' dir='ltr'><strong>cfr.</strong></span> <span class='ocrx_word' id='word_1_250' title='bbox 1305 2830 1357 2878; x_wconf 80' lang='lat' dir='ltr'><strong>ct</strong></span> <span class='ocrx_word' id='word_1_251' title='bbox 1392 2823 1466 2878; x_wconf 87' lang='grc' dir='ltr'><strong>Ε.</strong></span> <span class='ocrx_word' id='word_1_252' title='bbox 1504 2823 1737 2879; x_wconf 66' lang='lat' dir='ltr'><strong>stamas</strong></span> <span class='ocrx_word' id='word_1_253' title='bbox 1773 2821 1965 2879; x_wconf 76' lang='lat' dir='ltr'><strong>Herm.</strong></span> <span class='ocrx_word' id='word_1_254' title='bbox 1994 2825 2287 2880; x_wconf 87' lang='lat' dir='ltr'><strong><em>XXVIII</em></strong></span> 
     </span>
     <span class='ocr_line' id='line_1_31' title="bbox 233 2894 2283 2968; baseline -0.001 -16"><span class='ocrx_word' id='word_1_255' title='bbox 233 2913 294 2965; x_wconf 77' lang='lat' dir='ltr'><strong>p.</strong></span> <span class='ocrx_word' id='word_1_256' title='bbox 323 2900 432 2952; x_wconf 79' lang='lat'><strong>285</strong></span> <span class='ocrx_word' id='word_1_257' title='bbox 467 2896 488 2968; x_wconf 85' lang='grc' dir='ltr'><strong>ΙΙ</strong></span> <span class='ocrx_word' id='word_1_258' title='bbox 521 2895 558 2950; x_wconf 75' lang='grc'><strong>3</strong></span> <span class='ocrx_word' id='word_1_259' title='bbox 592 2895 857 2963; x_wconf 79' lang='lat' dir='ltr'><strong>inertiae,</strong></span> <span class='ocrx_word' id='word_1_260' title='bbox 891 2899 951 2951; x_wconf 88' lang='lat' dir='ltr'><strong>et</strong></span> <span class='ocrx_word' id='word_1_261' title='bbox 979 2896 1176 2950; x_wconf 77' lang='lat' dir='ltr'><strong>vivunt</strong></span> <span class='ocrx_word' id='word_1_262' title='bbox 1202 2895 1395 2950; x_wconf 73' lang='lat' dir='ltr'><strong>Haase</strong></span> <span class='ocrx_word' id='word_1_263' title='bbox 1431 2894 1673 2948; x_wconf 84' lang='lat' dir='ltr'><strong>inertiae</strong></span> <span class='ocrx_word' id='word_1_264' title='bbox 1700 2894 1748 2948; x_wconf 68' lang='lat' dir='ltr'><strong>sn</strong></span> <span class='ocrx_word' id='word_1_265' title='bbox 1771 2895 1978 2948; x_wconf 84' lang='lat' dir='ltr'><strong>uiuant</strong></span> <span class='ocrx_word' id='word_1_266' title='bbox 2004 2895 2088 2951; x_wconf 86' lang='lat' dir='ltr'><strong>A¹</strong></span> <span class='ocrx_word' id='word_1_267' title='bbox 2112 2895 2209 2950; x_wconf 74' lang='lat' dir='ltr'><strong>sed</strong></span> <span class='ocrx_word' id='word_1_268' title='bbox 2235 2895 2283 2949; x_wconf 68' lang='lat' dir='ltr'><strong>sn</strong></span> 
     </span>
     <span class='ocr_line' id='line_1_32' title="bbox 242 2964 2280 3038; baseline 0 -18"><span class='ocrx_word' id='word_1_269' title='bbox 242 2968 438 3022; x_wconf 77' lang='lat' dir='ltr'><strong>delevit</strong></span> <span class='ocrx_word' id='word_1_270' title='bbox 463 2973 514 3022; x_wconf 82' lang='lat' dir='ltr'><strong>et</strong></span> <span class='ocrx_word' id='word_1_271' title='bbox 537 2967 744 3020; x_wconf 85' lang='lat' dir='ltr'><strong>uiuant</strong></span> <span class='ocrx_word' id='word_1_272' title='bbox 767 2968 832 3020; x_wconf 75' lang='lat' dir='ltr'><strong>in</strong></span> <span class='ocrx_word' id='word_1_273' title='bbox 857 2966 1060 3020; x_wconf 87' lang='lat' dir='ltr'><strong>uiuont</strong></span> <span class='ocrx_word' id='word_1_274' title='bbox 1085 2983 1221 3022; x_wconf 73' lang='lat' dir='ltr'><strong>corr.</strong></span> <span class='ocrx_word' id='word_1_275' title='bbox 1242 2964 1329 3021; x_wconf 78' lang='lat' dir='ltr'><strong>A&#39;</strong></span> <span class='ocrx_word' id='word_1_276' title='bbox 1354 2965 1873 3037; x_wconf 78' lang='lat' dir='ltr'><strong>inertiaeslsuiuunt</strong></span> <span class='ocrx_word' id='word_1_277' title='bbox 1891 2969 1939 3020; x_wconf 81' lang='grc' dir='ltr'><em>Α</em></span> <span class='ocrx_word' id='word_1_278' title='bbox 1954 2966 1977 2996; x_wconf 84' lang='lat'><strong>⁶</strong></span> <span class='ocrx_word' id='word_1_279' title='bbox 2000 2966 2021 3038; x_wconf 84' lang='grc' dir='ltr'><strong>ΙΙ</strong></span> <span class='ocrx_word' id='word_1_280' title='bbox 2048 2965 2120 3020; x_wconf 84' lang='grc'><strong>10</strong></span> <span class='ocrx_word' id='word_1_281' title='bbox 2144 2981 2280 3034; x_wconf 87' lang='lat' dir='ltr'><strong>pen·</strong></span> 
     </span>
     <span class='ocr_line' id='line_1_33' title="bbox 244 3035 2284 3110; baseline 0 -20"><span class='ocrx_word' id='word_1_282' title='bbox 244 3037 466 3103; x_wconf 78' lang='lat' dir='ltr'><strong>dentib3</strong></span> <span class='ocrx_word' id='word_1_283' title='bbox 497 3037 572 3091; x_wconf 88' lang='lat' dir='ltr'><strong>ad</strong></span> <span class='ocrx_word' id='word_1_284' title='bbox 597 3040 736 3092; x_wconf 85' lang='lat' dir='ltr'><strong>uota</strong></span> <span class='ocrx_word' id='word_1_285' title='bbox 763 3052 868 3090; x_wconf 88' lang='lat' dir='ltr'><strong>sua</strong></span> <span class='ocrx_word' id='word_1_286' title='bbox 895 3037 1048 3092; x_wconf 89' lang='lat' dir='ltr'><strong>omni</strong></span> <span class='ocrx_word' id='word_1_287' title='bbox 1074 3038 1173 3091; x_wconf 85' lang='lat' dir='ltr'><strong>uia</strong></span> <span class='ocrx_word' id='word_1_288' title='bbox 1204 3035 1459 3104; x_wconf 88' lang='lat' dir='ltr'><strong>pendunt</strong></span> <span class='ocrx_word' id='word_1_289' title='bbox 1486 3037 1541 3091; x_wconf 93' lang='lat' dir='ltr'><strong><em>A</em></strong></span> <span class='ocrx_word' id='word_1_290' title='bbox 1570 3052 1707 3092; x_wconf 83' lang='lat' dir='ltr'><strong>corr.</strong></span> <span class='ocrx_word' id='word_1_291' title='bbox 1738 3043 1791 3091; x_wconf 83' lang='lat' dir='ltr'><strong>et</strong></span> <span class='ocrx_word' id='word_1_292' title='bbox 1814 3038 2013 3106; x_wconf 75' lang='lat' dir='ltr'><strong>interp.</strong></span> <span class='ocrx_word' id='word_1_293' title='bbox 2034 3037 2238 3105; x_wconf 78' lang='lat' dir='ltr'><strong>Haupt</strong></span> <span class='ocrx_word' id='word_1_294' title='bbox 2261 3035 2284 3110; x_wconf 83' lang='grc' dir='ltr'><strong>ΙΙ</strong></span> 
     </span>
     <span class='ocr_line' id='line_1_34' title="bbox 243 3107 2284 3182; baseline 0 -20"><span class='ocrx_word' id='word_1_295' title='bbox 243 3108 314 3162; x_wconf 91' lang='grc'><strong>12</strong></span> <span class='ocrx_word' id='word_1_296' title='bbox 349 3109 582 3163; x_wconf 87' lang='lat' dir='ltr'><strong>inritum</strong></span> <span class='ocrx_word' id='word_1_297' title='bbox 623 3108 680 3164; x_wconf 98' lang='lat' dir='ltr'><strong><em>A</em></strong></span> <span class='ocrx_word' id='word_1_298' title='bbox 727 3108 888 3162; x_wconf 86' lang='lat' dir='ltr'><strong>inriti</strong></span> <span class='ocrx_word' id='word_1_299' title='bbox 933 3109 1067 3182; x_wconf 69' lang='lat' dir='ltr'><strong>(scil.</strong></span> <span class='ocrx_word' id='word_1_300' title='bbox 1110 3107 1342 3175; x_wconf 85' lang='lat' dir='ltr'><strong>laboris)</strong></span> <span class='ocrx_word' id='word_1_301' title='bbox 1386 3109 1603 3175; x_wconf 63' lang='lat' dir='ltr'><strong>frustra</strong></span> <span class='ocrx_word' id='word_1_302' title='bbox 1620 3113 1624 3120; x_wconf 90' lang='lat'>&#39;</span> <span class='ocrx_word' id='word_1_303' title='bbox 1639 3108 1799 3164; x_wconf 73' lang='lat' dir='ltr'><strong>Koch</strong></span> <span class='ocrx_word' id='word_1_304' title='bbox 1844 3108 1865 3180; x_wconf 82' lang='grc' dir='ltr'><strong>ΙΙ</strong></span> <span class='ocrx_word' id='word_1_305' title='bbox 1914 3107 1986 3162; x_wconf 76' lang='lat'><strong>13</strong></span> <span class='ocrx_word' id='word_1_306' title='bbox 2030 3123 2213 3176; x_wconf 85' lang='lat' dir='ltr'><strong>praua</strong></span> <span class='ocrx_word' id='word_1_307' title='bbox 2248 3119 2284 3162; x_wconf 80' lang='lat' dir='ltr'><strong>s·</strong></span> 
     </span>
     <span class='ocr_line' id='line_1_35' title="bbox 242 3177 2282 3253; baseline 0 -20"><span class='ocrx_word' id='word_1_308' title='bbox 242 3191 424 3248; x_wconf 85' lang='lat' dir='ltr'><strong>parua</strong></span> <span class='ocrx_word' id='word_1_309' title='bbox 451 3180 506 3234; x_wconf 90' lang='lat' dir='ltr'><strong><em>A</em></strong></span> <span class='ocrx_word' id='word_1_310' title='bbox 547 3181 554 3253; x_wconf 84' lang='grc' dir='ltr'>Ι</span> <span class='ocrx_word' id='word_1_311' title='bbox 597 3179 698 3234; x_wconf 86' lang='lat' dir='ltr'><strong>sed</strong></span> <span class='ocrx_word' id='word_1_312' title='bbox 733 3180 862 3235; x_wconf 77' lang='lat' dir='ltr'><strong>add.</strong></span> <span class='ocrx_word' id='word_1_313' title='bbox 892 3180 1085 3236; x_wconf 78' lang='lat' dir='ltr'><strong>Haase</strong></span> <span class='ocrx_word' id='word_1_314' title='bbox 1119 3180 1140 3252; x_wconf 73' lang='grc' dir='ltr'><strong>ΙΙ</strong></span> <span class='ocrx_word' id='word_1_315' title='bbox 1175 3178 1248 3234; x_wconf 76' lang='grc'><strong>16</strong></span> <span class='ocrx_word' id='word_1_316' title='bbox 1274 3177 1498 3248; x_wconf 79' lang='lat' dir='ltr'><strong>obseqll</strong></span> <span class='ocrx_word' id='word_1_317' title='bbox 1520 3179 1577 3235; x_wconf 98' lang='lat' dir='ltr'><strong><em>A</em></strong></span> <span class='ocrx_word' id='word_1_318' title='bbox 1614 3180 1769 3249; x_wconf 78' lang='lat' dir='ltr'><strong>(eras.</strong></span> <span class='ocrx_word' id='word_1_319' title='bbox 1798 3179 1912 3234; x_wconf 81' lang='lat' dir='ltr'><strong>vid.</strong></span> <span class='ocrx_word' id='word_1_320' title='bbox 1943 3180 1985 3249; x_wconf 86' lang='lat' dir='ltr'><strong>i)</strong></span> <span class='ocrx_word' id='word_1_321' title='bbox 2058 3178 2130 3234; x_wconf 74' lang='lat'><strong>19</strong></span> <span class='ocrx_word' id='word_1_322' title='bbox 2156 3194 2282 3249; x_wconf 80' lang='lat' dir='ltr'><strong>per-</strong></span> 
     </span>
     <span class='ocr_line' id='line_1_36' title="bbox 242 3250 2283 3325; baseline 0 -21"><span class='ocrx_word' id='word_1_323' title='bbox 242 3251 523 3320; x_wconf 76' lang='lat' dir='ltr'><strong>fugerant.</strong></span> <span class='ocrx_word' id='word_1_324' title='bbox 591 3251 667 3305; x_wconf 86' lang='lat' dir='ltr'><strong>ad</strong></span> <span class='ocrx_word' id='word_1_325' title='bbox 703 3252 760 3308; x_wconf 98' lang='lat' dir='ltr'><strong><em>A</em></strong></span> <span class='ocrx_word' id='word_1_326' title='bbox 809 3270 874 3322; x_wconf 91' lang='lat' dir='ltr'><strong>p-</strong></span> <span class='ocrx_word' id='word_1_327' title='bbox 911 3267 980 3306; x_wconf 84' lang='lat' dir='ltr'><strong>ac</strong></span> <span class='ocrx_word' id='word_1_328' title='bbox 1020 3251 1182 3308; x_wconf 74' lang='lat' dir='ltr'><strong>Gertz</strong></span> <span class='ocrx_word' id='word_1_329' title='bbox 1234 3269 1301 3321; x_wconf 91' lang='lat' dir='ltr'><strong>p-</strong></span> <span class='ocrx_word' id='word_1_330' title='bbox 1338 3253 1398 3306; x_wconf 90' lang='lat' dir='ltr'><strong>et</strong></span> <span class='ocrx_word' id='word_1_331' title='bbox 1442 3251 1518 3306; x_wconf 81' lang='lat' dir='ltr'><strong>ad</strong></span> <span class='ocrx_word' id='word_1_332' title='bbox 1564 3251 1702 3322; x_wconf 72' lang='lat' dir='ltr'><strong>volq.</strong></span> <span class='ocrx_word' id='word_1_333' title='bbox 1757 3251 1779 3325; x_wconf 74' lang='grc' dir='ltr'><strong>ΙΙ</strong></span> <span class='ocrx_word' id='word_1_334' title='bbox 1836 3250 1905 3306; x_wconf 90' lang='grc'><strong>21</strong></span> <span class='ocrx_word' id='word_1_335' title='bbox 1960 3268 1997 3307; x_wconf 84' lang='lat' dir='ltr'><strong>a</strong></span> <span class='ocrx_word' id='word_1_336' title='bbox 2086 3251 2283 3307; x_wconf 85' lang='lat' dir='ltr'><strong>ciuilia</strong></span> 
     </span>
     <span class='ocr_line' id='line_1_37' title="bbox 245 3322 2282 3396; baseline 0 -20"><span class='ocrx_word' id='word_1_337' title='bbox 245 3325 462 3376; x_wconf 85' lang='lat' dir='ltr'><strong>erectus</strong></span> <span class='ocrx_word' id='word_1_338' title='bbox 490 3334 525 3376; x_wconf 78' lang='grc' dir='ltr'><strong><em>ς</em></strong></span> <span class='ocrx_word' id='word_1_339' title='bbox 560 3323 795 3378; x_wconf 88' lang='lat' dir='ltr'><strong>adciuili</strong></span> <span class='ocrx_word' id='word_1_340' title='bbox 822 3323 870 3377; x_wconf 68' lang='lat' dir='ltr'><strong>sn</strong></span> <span class='ocrx_word' id='word_1_341' title='bbox 887 3323 1096 3396; x_wconf 72' lang='lat' dir='ltr'><strong>flrectus</strong></span> <span class='ocrx_word' id='word_1_342' title='bbox 1123 3323 1207 3379; x_wconf 87' lang='lat' dir='ltr'><strong>A¹</strong></span> <span class='ocrx_word' id='word_1_343' title='bbox 1244 3323 1517 3379; x_wconf 84' lang='lat' dir='ltr'><strong>adciuilia</strong></span> <span class='ocrx_word' id='word_1_344' title='bbox 1532 3323 1738 3396; x_wconf 72' lang='lat' dir='ltr'><strong>lrectus</strong></span> <span class='ocrx_word' id='word_1_345' title='bbox 1766 3324 1851 3380; x_wconf 75' lang='lat' dir='ltr'><strong>A⁸</strong></span> <span class='ocrx_word' id='word_1_346' title='bbox 1897 3322 1919 3396; x_wconf 81' lang='grc' dir='ltr'><strong><em>Η</em></strong></span> <span class='ocrx_word' id='word_1_347' title='bbox 1952 3323 2025 3378; x_wconf 90' lang='grc'><strong>22</strong></span> <span class='ocrx_word' id='word_1_348' title='bbox 2060 3322 2282 3393; x_wconf 83' lang='lat' dir='ltr'><strong>inquies</strong></span> 
     </span>
     <span class='ocr_line' id='line_1_38' title="bbox 245 3393 2282 3517; baseline 0.002 -72"><span class='ocrx_word' id='word_1_349' title='bbox 245 3393 328 3514; x_wconf 36' lang='lat'><strong>51¹</strong></span> <span class='ocrx_word' id='word_1_350' title='bbox 321 3393 648 3517; x_wconf 53' lang='lat' dir='ltr'><strong>tdfiqffiftm</strong></span> <span class='ocrx_word' id='word_1_351' title='bbox 684 3410 823 3462; x_wconf 70' lang='lat' dir='ltr'><strong>corr,</strong></span> <span class='ocrx_word' id='word_1_352' title='bbox 859 3412 930 3450; x_wconf 88' lang='lat' dir='ltr'><strong>m.</strong></span> <span class='ocrx_word' id='word_1_353' title='bbox 965 3397 1248 3463; x_wconf 74' lang='lat' dir='ltr'><strong>recentior,</strong></span> <span class='ocrx_word' id='word_1_354' title='bbox 1284 3401 1349 3450; x_wconf 78' lang='lat' dir='ltr'><strong>ut</strong></span> <span class='ocrx_word' id='word_1_355' title='bbox 1382 3403 1462 3452; x_wconf 78' lang='lat' dir='ltr'><strong>est</strong></span> <span class='ocrx_word' id='word_1_356' title='bbox 1493 3397 1559 3451; x_wconf 72' lang='lat' dir='ltr'><strong>in</strong></span> <span class='ocrx_word' id='word_1_357' title='bbox 1593 3407 1629 3450; x_wconf 78' lang='lat' dir='ltr'><strong>s·</strong></span> <span class='ocrx_word' id='word_1_358' title='bbox 1674 3395 1696 3467; x_wconf 77' lang='lat' dir='ltr'>ss</span> <span class='ocrx_word' id='word_1_359' title='bbox 1743 3394 1816 3450; x_wconf 80' lang='grc'><strong>25</strong></span> <span class='ocrx_word' id='word_1_360' title='bbox 1861 3394 2065 3450; x_wconf 68' lang='lat' dir='ltr'><strong>relicti</strong></span> <span class='ocrx_word' id='word_1_361' title='bbox 2098 3397 2157 3452; x_wconf 86' lang='lat' dir='ltr'><strong><em>A</em></strong></span> <span class='ocrx_word' id='word_1_362' title='bbox 2194 3409 2282 3450; x_wconf 86' lang='lat' dir='ltr'><strong>re-</strong></span> 
     </span>
    </p>

    <p class='ocr_par' dir='ltr' id='par_1_8' title="bbox 267 3478 588 3534">
     <span class='ocr_line' id='line_1_39' title="bbox 267 3478 588 3534; baseline 0.012 -19"><span class='ocrx_word' id='word_1_363' title='bbox 267 3478 322 3516; x_wconf 72' lang='lat' dir='ltr'><strong>ic</strong></span> <span class='ocrx_word' id='word_1_364' title='bbox 449 3479 516 3517; x_wconf 84' lang='lat' dir='ltr'><strong>vo</strong></span> <span class='ocrx_word' id='word_1_365' title='bbox 537 3480 588 3534; x_wconf 78' lang='lat'><strong>9.</strong></span> 
     </span>
    </p>
   </div>
   <div class='ocr_carea' id='block_1_4' title="bbox 2532 1686 2535 3332">
    <p class='ocr_par' dir='ltr' id='par_1_9' title="bbox 2532 1686 2535 3332">
     <span class='ocr_line' id='line_1_40' title="bbox 2532 1686 2535 3332; baseline 0 0"><span class='ocrx_word' id='word_1_366' title='bbox 2532 1686 2535 3332; x_wconf 95' lang='lat' dir='ltr'><strong> </strong></span> 
     </span>
    </p>
   </div>
  </div>
 </body>
</html>
