2544 3746
302 76 427 142 176
685 70 746 127 L.
775 70 1060 127 ANNAEI
1098 70 1430 127 SENECAE
1468 70 1659 127 DIAL.
1688 71 1823 126 LIB.
1853 70 1946 125 VI.

305 222 562 284 natura:
609 194 963 283 ‘neminem
993 217 1258 301 decipi0.
1326 222 1401 283 tu
1428 216 1485 283 si
1512 217 1683 282 filios
1712 216 2071 300 sustuleris,
2101 214 2335 300 poteris

303 307 539 373 habere
602 307 947 389 formosos,
1014 311 1079 371 et
1137 306 1455 371 deformes
1482 318 1488 325 ’
1518 305 1787 391 poteris3
1849 306 2123 371 fortasse
2180 304 2339 369 muti

303 399 663 462 nascentur.
755 416 893 461 esse
951 395 1186 477 aliquis
1246 417 1328 459 ex
1384 394 1513 459 illis
1574 399 1715 463 tam
1770 398 2059 459 servator
2100 393 2338 479 patriae

231 504 261 552 ’1
307 505 500 568 quam
546 484 838 567 proditor
882 484 1136 569 poterit.
1242 505 1378 549 non
1422 488 1521 549 est
1568 483 1740 567 quod
1788 483 2083 566 desperes
2130 486 2341 547 tantae

232 1500 259 1548 1

305 573 698 659 dignationis
763 572 1044 656 futuros,
1105 576 1183 638 ut
1239 594 1431 637 nemo
1486 572 1609 637 tibi
1662 576 1928 657 propter
1984 572 2133 637 illos
2180 572 2341 637 male
2400 594 2422 633 ε

305 662 514 728 dicere
573 662 830 745 audeat3
894 684 1185 746 propone
1243 666 1461 726 tamen
1521 666 1586 727 et
1644 665 1861 726 tantae
1916 662 2169 726 futuros
2216 664 2341 725 tur-

303 750 645 835 pitudinis,
687 754 764 816 ut
807 751 934 832 ipsi
979 749 1321 816 maledicta
1366 751 1514 815 sint.
1600 750 1768 815 nihil
1812 753 1989 815 vetat
2032 749 2181 815 illos
2228 750 2343 815 tibi

304 860 605 926 suprema
648 844 972 923 praestare
1020 843 1085 904 et
1127 839 1377 904 laudari
1422 843 1489 905 te
1534 862 1573 903 a
1616 838 1837 904 liberis
1882 837 2043 921 tuis,
2097 837 2210 904 sed
2256 838 2344 903 sic

301 934 368 995 te
413 951 570 1014 para
613 932 946 1011 tamquam
989 928 1060 993 in
1103 928 1323 1015 ignem
1358 928 1757 1012 inpositurus
1794 928 1898 993 vel
1932 950 2207 1011 puerum
2244 929 2344 993 vel

303 1017 601 1083 iuvenem
648 1018 752 1082 vel
795 1038 1040 1083 senem:
1094 1018 1261 1083 nihil
1307 1018 1478 1083 enim
1525 1018 1609 1082 ad
1641 1040 1778 1083 rem
1814 1016 2143 1102 pertinent
2178 1016 2345 1099 anni,
2380 1040 2424 1079 ιο

305 1108 611 1191 quoniam
655 1107 909 1172 nullum
953 1128 1089 1171 non
1133 1106 1436 1173 acerbum
1482 1106 1677 1171 funus
1724 1110 1823 1171 est
1828 1155 1846 1189 ,
1895 1106 2069 1190 quod
2115 1128 2343 1189 parens

305 1195 636 1280 sequitur?
725 1198 876 1280 post
927 1195 1046 1261 has
1098 1195 1276 1281 leges
1322 1198 1716 1280 propositas,
1763 1196 1821 1260 si
1864 1194 2104 1261 liberos
2150 1194 2343 1278 tollis,

304 1284 481 1351 omni
544 1284 697 1351 deos
761 1284 1002 1351 invidia
1062 1284 1327 1369 liberaS,
1392 1285 1503 1369 qui
1537 1284 1688 1351 -tibi
1750 1283 1915 1349 nihil
1979 1284 2139 1349 certi
2203 1305 2344 1369 spo-

295 1372 728 1459 ponderunt*
2252 1434 2262 1444 .

481 1478 720 1545 XVIH.
791 1480 905 1545 Ad
958 1481 1126 1547 hanc
1183 1479 1535 1567 imaginem
1592 1479 1869 1567 agedum
1927 1480 2130 1545 totius
2178 1480 2344 1545 vitae
2380 1502 2426 1542 ιε

303 1569 643 1634 introitum
695 1569 878 1634 refer.
970 1592 1054 1634 an
1108 1567 1457 1653 Syracusas
1512 1569 1751 1635 viseres
1801 1568 2182 1634 deliberanti
2228 1569 2345 1634 tibi

306 1658 614 1743 quicquid
647 1658 965 1724 'delectare
1001 1662 1283 1743 poterat,
1320 1658 1628 1742 quicquid
1666 1658 2013 1741 offendere,
2050 1657 2347 1742 exposui3

304 1749 467 1831 puta
507 1747 797 1813 nascenti
841 1769 946 1813 me
990 1747 1110 1813 tibi
1154 1746 1373 1812 venire
1418 1748 1489 1812 in
1534 1746 1902 1813 consilium:
1963 1747 2345 1812 ‘intraturus

307 1857 375 1903 es
438 1836 666 1902 urbem
734 1836 858 1921 dis,
930 1836 1304 1903 hominibus
1379 1857 1813 1922 communem,
1888 1835 2107 1902 omnia
2178 1856 2346 1902 com-

305 1927 589 2011 plexam,
662 1927 851 1992 certis
913 1926 1168 2014 legibus
1233 1927 1638 2012 aeternisque
1709 1925 2100 2010 devinctam,
2174 1926 2349 1991 inde·
2382 1947 2433 1987 20

306 2015 579 2101 fatigata
622 2015 995 2082 caelestium
1042 2015 1258 2081 officia
1302 2016 1689 2081 volventem.
1780 2015 2027 2080 videbis
2072 2014 2211 2080 illic
2255 2015 2349 2080 in-

305 2103 735 2169 numerabiles
791 2105 1009 2171 stellas
1065 2104 1330 2189 micare,
1381 2105 1630 2170 videbis
1684 2126 1816 2170 uno
1870 2105 2077 2170 sidere
2132 2104 2351 2170 omnia

307 2193 552 2279 inplere
617 2193 847 2277 solem,
910 2193 1232 2259 cotidiano
1300 2216 1492 2260 cursu
1550 2193 1679 2260 diei
1740 2194 2080 2278 noctisque
2139 2193 2351 2279 spatia

306 2283 2355 2456 21¹3?ssssss“ffiissbzffiiz‘gumhm⁰m⁰33320²2332¹0223032²22522
2387 2392 2433 2433 ,⁵

305 2460 604 2527 fraternis
635 2461 1006 2527 occursibus
1032 2463 1178 2528 lene
1203 2462 1674 2548 remissumque
1699 2463 1920 2528 lumen
1940 2465 2353 2528 mutuantem

483 2652 519 2708 2
554 2654 701 2708 muti
734 2655 972 2726 Madvig
1007 2655 1174 2709 multi
1199 2655 1257 2711 A
1292 2655 1314 2728 ΙΙ
1352 2655 1381 2711 7
1419 2655 1536 2710 sint
1561 2656 1624 2711 F
1652 2655 1729 2710 sit
1755 2655 1812 2711 A
1846 2655 1868 2728 ΙΙ
1902 2654 1939 2710 8
1974 2654 2221 2728 prestari
2248 2656 2310 2711 A
2334 2654 2357 2726 ΙΙ

305 2725 342 2780 9
378 2725 439 2780 in
474 2725 665 2794 ignem
692 2739 728 2780 ς
762 2725 955 2797 inigne
988 2728 1045 2783 A
1094 2726 1101 2798 Ι
1150 2726 1499 2797 inpositurus
1537 2727 1702 2783 Gertz
1738 2726 2044 2796 (positurus
2074 2725 2353 2793 Erasm.¹)

305 2795 624 2866 inpositura
649 2797 780 2853 AF
809 2799 931 2868 (cfr.
962 2798 1113 2854 Rech
1141 2799 1248 2855 obs.
1278 2817 1447 2870 yram.
1475 2799 1630 2854 Dies.
1654 2799 1917 2869 Fn‘burq.
1947 2801 2089 2854 1895
2118 2814 2182 2867 p.
2210 2801 2309 2867 29)
2336 2797 2358 2870 ss

307 2867 379 2924 1⁰
416 2868 552 2922 anni
586 2885 627 2923 ε.
657 2886 706 2924 υ.
736 2869 865 2925 aad.
904 2868 989 2925 A⁸
1021 2868 1042 2942 ΙΙ
1077 2868 1149 2925 15
1182 2869 1275 2923 Ad
1310 2871 1445 2941 voly.
1476 2870 1607 2926 add.
1634 2877 1764 2926 ante
1797 2870 1949 2924 hanc
1982 2869 2301 2940 imaginem
2336 2910 2355 2935 ,

306 2945 436 2995 ante
469 2939 647 2994 totius
683 2940 835 2995 vitae
870 2957 1019 2996 unus
1045 2953 1079 2994 ς
1113 2940 1134 3014 ΙΙ
1168 2941 1240 2995 16
1267 2939 1430 2996 refer.
1461 2957 1535 2995 an
1567 2941 1731 2997 Gertz
1765 2939 2014 2996 refertan
2041 2941 2096 2995 A
2131 2940 2141 3011 Ι
2190 2939 2265 2995 19
2292 2956 2356 2994 es

306 3010 369 3065 F
415 3012 503 3066 est
543 3014 599 3066 A
647 3010 668 3083 ΙΙ
719 3010 792 3066 20
838 3011 1099 3066 devincta
1149 3012 1313 3069 Gertz
1356 3019 1409 3069 et
1453 3013 1691 3085 Madvig]
1736 3013 1759 3086 ΙΙ
1810 3013 1879 3067 21
1925 3010 2135 3068 uoluen
2197 3029 2259 3066 m
2298 3012 2364 3067 F

305 3080 592 3136 uolentem
637 3085 693 3137 A
745 3082 768 3155 n
817 3081 891 3137 22
939 3083 1175 3151 micare,
1219 3083 1440 3138 videbis
1482 3085 1720 3139 Lar-isch
1766 3083 1964 3139 uidere
2008 3080 2255 3138 micabis
2299 3083 2357 3139 A

305 3151 503 3207 uidere
545 3150 856 3238 miraberis·
882 3154 945 3209 F
984 3153 1166 3238 sidere
1210 3153 1506 3210 miraberis
1550 3171 1663 3210 uno
1709 3172 1760 3210 o.
1792 3154 1831 3210 i.
1871 3155 2014 3210 Hau
2118 3155 2355 3238 micans,

307 3239 508 3348 2²53·
532 3223 1383 3365 ginffpiffierfdfflgmwffii
1424 3270 1446 3368 ἰ
1477 3227 1599 3352 'dliii
1634 3227 1913 3366 Ψωω
1925 3226 2021 3352 uin
2071 3225 2357 3352 fliium

310 3363 430 3418 alia
465 3381 534 3419 m.
571 3365 592 3437 ΙΙ
625 3363 700 3420 24
735 3366 1029 3436 aequalius
1065 3367 1297 3437 quidem
1335 3368 1500 3427 Gertz
1541 3367 1909 3437 equaliusque
1936 3368 1994 3424 A
2032 3367 2359 3439 aequaliter

313 3434 373 3486 F
401 3435 536 3504 woly.
577 3436 804 3505 aequali
840 3453 942 3494 axe
981 3439 1299 3512 Petschenig]
