2544 3746
223 103 356 170 294
632 100 693 154 L.
722 98 1006 154 ANNAEI
1043 97 1373 155 SENECAE
1410 97 1599 154 DIAL.
1629 96 1761 153 LIB.
1790 96 1859 155 X.

224 268 498 331 quorum
545 245 902 329 inrequieta
948 268 1201 329 semper
1244 244 1515 331 agitatio
1560 266 1891 328 nunquam
1932 246 2002 309 in
2039 246 2267 310 eodem

221 336 497 422 vestigio
559 339 791 400 manet.
885 336 1094 399 solum
1155 334 1359 420 igitur
1416 334 1498 399 ad
1553 336 1905 419 occupatOs
1962 355 2267 419 praesens

223 426 502 511 pertinet
560 428 842 511 tempus,
909 425 1080 509 quod
1138 428 1275 489 tam
1331 425 1524 490 breve
1583 428 1707 508 est,
1766 428 1841 489 ut
1886 425 2088 509 arripi
2132 447 2271 490 non

223 516 454 600 possit,
501 518 566 586 et
611 514 688 579 id.
724 516 938 599 ipsum
984 514 1114 579 11118
1161 514 1470 580 districtis
1517 514 1588 579 in
1624 514 1831 579 multa
1868 514 2269 580 subducitur.

403 602 512 669 XI.
586 602 883 688 Denique
955 604 1052 667 vis
1126 604 1289 668 scire
1363 624 1557 686 quam
1627 625 1762 668 non
1826 603 1938 668 diu
2003 604 2273 668 vivant?
2338 625 2362 664 5

222 695 367 759 vide
434 716 626 778 quam
691 694 955 777 cupiant
1018 692 1130 757 diu
1187 693 1419 757 vivere.
1512 692 1821 778 decrepiti
1878 713 2058 757 senes
2114 714 2271 777 pau-

223 806 446 850 corum
493 804 806 847 annorum
853 782 1283 847 accessionem
1330 781 1497 846 votis
1545 782 1941 847 mendicant:
1986 783 2271 847 minores

221 877 379 938 natu
437 894 503 937 se
550 872 725 957 ipsos
773 892 909 936 esse
954 872 1238 958 fingunt3
1293 871 1627 936 mendacio
1674 872 1802 937 sibi
1847 870 2274 937 blandiuntur

223 967 287 1027 et
331 967 464 1027 tam
509 962 786 1027 libenter
833 984 900 1027 se
945 961 1180 1025 fallunt
1227 983 1421 1046 quam
1466 960 1523 1025 si
1568 982 1699 1025 una
1744 961 1879 1025 fata
1926 960 2271 1045 decipiant.

223 1054 351 1117 iam
408 1074 558 1117 vero
607 1072 754 1117 cum
803 1050 950 1115 illos
998 1051 1215 1134 aliqua
1260 1050 1648 1115 inbecillitas
1696 1050 2115 1115 mortalitatis
2164 1050 2271 1115 ad·
2313 1072 2366 1110 ιο

222 1142 502 1223 monuit,
551 1140 1090 1223 quemadmodum
1138 1143 1441 1222 paventes
1488 1140 1881 1223 moriuntur,
1926 1161 2063 1204 non
2108 1144 2271 1203 tam·
2386 1174 2405 1187 -

224 1253 416 1315 quam
457 1233 688 1295 exeant
723 1229 800 1294 de
837 1231 990 1313 vita,
1027 1229 1136 1293 sed
1163 1232 1493 1311 tamquam
1522 1228 1957 1293 extrahantur.
2033 1230 2271 1293 stultos

223 1342 290 1385 se
335 1320 565 1403 fuisse,
611 1319 724 1402 qui
768 1340 903 1383 non
938 1318 1245 1401 vixerint,
1291 1318 1624 1383 clamitant
1661 1322 1752 1401 et,
1800 1318 1856 1382 si
1894 1318 2089 1383 modo
2130 1340 2273 1383 eva-

221 1410 421 1476 serint
477 1431 556 1474 ex
610 1409 726 1473 illa
770 1407 1152 1490 valitudine,
1205 1407 1276 1471 in
1322 1408 1455 1471 otio
1501 1407 1816 1491 victuros3
1870 1411 2030 1471 tunc
2078 1429 2274 1490 quam

130 1552 133 1556 .
221 1500 460 1563 frustra
523 1498 918 1581 paraverint,
991 1496 1222 1579 quibus
1288 1517 1421 1561 non
1484 1496 1875 1580 fruerentur,
1942 1518 2139 1580 quam
2205 1497 2277 1560 in
2315 1516 2367 1556 15

224 1609 474 1653 cassum
515 1586 722 1651 omnis
762 1586 1060 1651 ceciderit
1095 1586 1309 1669 labor,
1356 1586 1663 1670 cogitant.
1754 1589 1822 1650 at
1860 1586 2099 1669 quibus
2138 1586 2277 1649 vita

223 1677 450 1761 procul
510 1675 588 1740 ab
652 1674 829 1739 omni
887 1676 1150 1760 negotio
1207 1676 1449 1760 agitur,
1510 1674 1738 1758 quidni
1794 1676 2081 1757 spatiosa
2138 1674 2278 1739 sit?

221 1766 387 1831 nihil
434 1787 514 1830 ex
559 1765 674 1829 illa
719 1764 1080 1849 delegatur,
1125 1763 1292 1827 nihil
1339 1764 1466 1827 alio
1515 1767 1710 1847 atque
1758 1764 1886 1827 alio
1926 1764 2277 1849 spargitur,

221 1856 388 1922 nihil
442 1853 591 1920 inde
646 1854 943 1920 fortunae
997 1853 1300 1937 traditur,
1353 1853 1525 1917 nihil
1572 1852 1985 1939 neglegentia
2032 1854 2285 1938 interit,

222 1945 388 2011 nihil
421 1945 767 2030 largitione
806 1943 1191 2026 detrahitur,
1229 1942 1396 2006 nihil
1433 1963 1903 2026 supervacuum
1942 1946 2067 2008 est:
2115 1945 2277 2026 tota,
2316 1964 2371 2002 20

222 2039 295 2100 ut
359 2036 452 2098 ita
517 2034 753 2115 dicam,
816 2034 886 2097 in
939 2031 1150 2097 reditu
1207 2037 1319 2096 est.
1416 2032 2005 2115 quantulacumque
2053 2032 2279 2116 itaque

223 2123 476 2189 abunde
515 2123 776 2206 sufficit,
813 2128 878 2188 et
914 2122 1080 2206 ideo,
1116 2121 1503 2206 quandoque
1540 2121 1809 2186 ultimus
1840 2121 1977 2186 dies
2006 2123 2279 2203 venerit,

222 2236 355 2279 non
415 2213 825 2279 cunctabitur
885 2212 1140 2296 sapiens
1197 2212 1290 2275 ire
1348 2210 1427 2274 ad
1483 2215 1757 2276 mortem
1814 2215 1990 2276 certo
2050 2210 2278 2296 gradu.

409 2300 552 2368 XII.
615 2300 894 2379 Quaeris
967 2301 1264 2384 fortasse,
1342 2317 1503 2384 quos
1577 2304 1925 2384 occupatos
2001 2300 2283 2364 vocem?

87 2389 102 2395 “
222 2415 354 2458 11011
410 2395 509 2457 est
565 2391 738 2474 quod
792 2412 896 2455 me
951 2391 1124 2455 solos
1172 2392 1361 2473 putes
1410 2388 1649 2472 dicere,
1704 2411 1867 2473 quos
1916 2411 1955 2453 a
2000 2389 2285 2454 basilica
2320 2411 2373 2450 25

222 2481 473 2547 inmissi
529 2480 785 2544 demum
841 2501 1028 2545 canes
1086 2479 1354 2561 eiciunt,
1412 2499 1573 2563 quos
1630 2481 1741 2542 aut
1796 2479 1865 2542 in
1923 2501 2041 2543 sua
2094 2479 2281 2543 vides

221 2572 410 2637 turba
457 2570 810 2654 speciosius
859 2568 1013 2634 elidi
1059 2572 1170 2632 aut
1216 2567 1287 2632 in
1332 2568 1541 2632 aliena
1588 2569 2053 2652 contemptim,
2112 2590 2281 2652 quos

223 2661 440 2728 officia
477 2660 776 2724 domibus
816 2659 948 2724 suis
989 2660 1277 2738 evocant,
1313 2660 1386 2721 ut
1424 2656 1650 2722 alienis
1689 2656 1937 2722 foribus
1979 2657 2285 2740 inlidant,

221 2756 332 2817 aut
385 2751 572 2814 hasta
623 2747 936 2832 praetoris
984 2746 1210 2811 infami
1256 2747 1438 2811 lucro
1486 2750 1553 2811 et
1600 2746 1988 2830 quandoque
2036 2769 2284 2831 suppu-

221 2843 440 2904 raturo
499 2841 765 2902 exercet.
860 2835 1261 2921 quorundam
1320 2835 1525 2899 otium
1582 2839 1971 2919 occupatum
2029 2839 2155 2900 est:
2210 2837 2285 2900 in
2325 2857 2379 2896 so

221 2928 379 2993 villa
434 2930 546 2991 aut
601 2927 670 2990 in
723 2925 892 2991 lecto
950 2945 1095 3008 su0‚
1157 2924 1225 2988 in
1280 2924 1491 2988 media
1546 2924 1924 3008 solitudine,
1982 2926 2285 3008 quamvis

401 3120 436 3176 8
474 3138 532 3176 se
570 3139 612 3175 s,
642 3139 690 3176 v.
722 3120 848 3174 add.
879 3119 964 3175 A²
988 3119 1008 3191 ΙΙ
1044 3117 1080 3172 9
1109 3120 1168 3172 et
1194 3120 1314 3172 tam
1342 3117 1478 3188 voly.
1512 3118 1627 3173 etia
1654 3117 1711 3172 A
1746 3117 1767 3188 ΙΙ
1802 3117 1875 3173 18
1906 3117 2009 3186 qui
2040 3118 2288 3188 Madviy

221 3193 288 3246 ut
316 3193 369 3247 A
405 3192 426 3263 Ι]
461 3193 530 3246 15
570 3193 822 3245 incasum
851 3191 936 3246 A¹
973 3191 1205 3245 alteram
1243 3207 1268 3243 8
1306 3206 1347 3244 s.
1378 3206 1427 3244 v.
1458 3189 1585 3245 add.
1614 3195 1681 3244 ut
1702 3189 1813 3244 vid.
1836 3189 1929 3245 A'
1965 3192 1987 3261 Η
2020 3188 2095 3243 25
2132 3188 2285 3244 solos

221 3263 359 3332 voly.
399 3263 549 3316 solus
579 3265 632 3317 A
671 3279 766 3316 eos
805 3261 952 3316 solos
991 3263 1151 3317 malit
1183 3261 1347 3316 Gertz
1386 3262 1392 3331 Ι
1435 3260 1711 3314 abasilica
1739 3261 1792 3315 A
1832 3259 2003 3330 (quod
2032 3260 2291 3326 defendit

226 3334 290 3386 P.
338 3334 573 3388 Thomas
620 3334 738 3388 coll.
781 3335 936 3402 epist.
984 3335 1108 3399 122,
1137 3337 1230 3386 16:
1284 3347 1319 3384 a
1364 3330 1568 3386 balneo
1616 3331 1816 3401 exisse)
1866 3347 1898 3384 e
1944 3330 2009 3384 b·
2059 3331 2229 3387 Gertz
2264 3332 2289 3406 ῃ

225 3401 296 3455 28
335 3402 551 3470 domib;
581 3404 636 3457 A
673 3405 766 3458 sed
802 3420 938 3459 corr.
970 3404 1098 3470 fort.
1129 3421 1198 3457 m.
1229 3409 1261 3458 1
1292 3419 1360 3458 ex
1394 3401 1615 3469 homib3
1658 3403 1666 3474 Ι
1709 3405 1954 3458 euocant
1980 3403 2068 3458 A⁶
2094 3419 2155 3457 se
2182 3418 2287 3456 uo-

229 3476 361 3526 cant
396 3481 460 3528 ut
494 3475 602 3528 vid.
635 3475 718 3529 A¹
753 3474 774 3545 Ιξ
809 3473 881 3528 29
919 3477 1024 3528 aut
1061 3474 1190 3528 add.
1222 3474 1462 3544 Madvig}
1494 3488 1639 3542 quos
1678 3487 1713 3528 ς
