2544 3746
189 1065 251 1105 1⁰

189 1510 248 1553 15

191 1957 254 1998 20

191 2401 251 2442 25

193 2849 254 2889 30

317 91 420 145 AD
449 87 788 145 HELVIAM
815 90 1135 145 MATREM
1163 90 1262 145 DE
1294 89 1853 146 CONSOLATIONE
1884 90 2036 147 OAP.
2064 98 2137 148 10·
2213 96 2345 163 353

471 235 550 301 X.
623 236 800 301 Bene
855 258 1010 323 ergo
1069 236 1336 301 exilium
1392 236 1547 302 tulit
1592 236 1938 303 Marcellus
1992 260 2113 304 nec
2170 240 2345 324 quio-
2386 260 2413 307 1
2514 254 2516 341 3

291 346 487 410 quam
547 326 617 391 in
675 327 892 392 animo
953 326 1092 391 eius
1153 326 1433 391 mutavit
1490 327 1623 391 loci
1682 328 2018 413 mutatio,
2050 329 2345 413 quamvis

290 437 434 482 eam
504 419 852 501 paupertas
927 418 1329 499 sequeretur:
1402 415 1472 480 in
1546 437 1675 500 qua
1736 416 1904 482 nihil
1966 418 2125 483 mali
2188 440 2345 503 esse,

289 506 587 590 quisquis
653 504 845 571 modo
909 504 1198 571 nondum
1262 505 1559 590 pervenit
1616 504 1687 570 in
1744 505 2063 572 insaniam
2126 508 2347 573 omnia

287 594 720 661 subvertentis
767 594 1074 660 avaritiae
1121 598 1316 678 atque
1351 594 1670 679 luxuriae,
1699 594 2055 681 intellegit.
2148 618 2346 681 quan-

287 685 502 749 tulum
549 683 720 748 enim
769 687 894 767 est,
940 682 1114 767 quod
1161 684 1232 748 in
1277 685 1549 749 tutelam
1595 684 1878 750 hominis
1916 686 2346 751 necessarium

289 773 404 838 sit!
495 775 561 838 et
619 772 724 838 cui
783 772 1002 838 deesse
1060 774 1188 838 hoc
1246 776 1465 857 potest
1523 774 1725 838 ullam
1786 774 1981 840 modo
2037 775 2345 839 virtutem

287 860 598 927 habenti?
688 862 863 947 quod
917 862 1000 927 ad
1055 884 1158 943 me
1214 862 1475 946 quidem
1521 864 1830 948 pertinet,
1884 863 2195 950 intellego
2243 885 2347 929 me
2383 881 2415 930 2

287 974 424 1017 non
471 973 624 1036 opes
671 952 785 1017 sed
823 952 1281 1035 occupationes
1317 952 1691 1036 perdidisse.
1782 953 2075 1037 corporis
2114 954 2348 1039 exigua
2426 1004 2430 1008 .

288 1040 608 1107 desideria
643 1044 822 1105 sunt:
867 1039 1074 1127 frigus
1112 1042 1506 1107 summoveri
1542 1042 1711 1125 volt,
1747 1042 2071 1108 alimentis
2108 1043 2346 1109 famem

289 1152 367 1196 ac
421 1130 598 1196 sitim
644 1130 1046 1217 extinguer03
1103 1129 1418 1215 quidquid
1466 1135 1649 1197 extra
1695 1131 2203 1217 concupiscitur,
2256 1132 2347 1197 vi-

287 1220 426 1303 tiis,
499 1240 633 1284 non
704 1220 928 1285 usibus
999 1219 1351 1285 laboratur.
1442 1241 1578 1286 non
1650 1224 1749 1285 est
1820 1242 2078 1287 necesse
2153 1243 2345 1287 omne

288 1309 681 1395 perscrutari
732 1308 1129 1395 profundum
1185 1331 1305 1375 nec
1361 1312 1576 1396 strage
1630 1310 2007 1376 animalium
2054 1315 2344 1376 ventrem

290 1420 555 1463 onerare
614 1420 734 1463 nec
795 1399 1138 1483 conchylia
1197 1399 1414 1464 ultimi
1472 1400 1669 1464 maris
1731 1422 1812 1465 ex
1870 1401 2099 1487 ignoto
2152 1400 2347 1465 litore

289 1510 536 1553 eruere:
583 1486 674 1551 dii
719 1487 880 1553 istos
927 1488 1210 1572 deaeque
1233 1488 1557 1572 perdant,
1602 1510 1880 1574 quorum
1916 1490 2175 1554 luxuria
2210 1495 2345 1554 tam

287 1577 594 1642 invidiosi
647 1576 904 1662 imperii
959 1578 1120 1643 fines
1175 1578 1599 1644 transcendit!
1692 1578 1865 1643 ultra
1910 1577 2154 1643 Phasin
2200 1579 2346 1664 capi
2382 1596 2415 1645 3

287 1666 547 1749 volunt,
603 1667 777 1750 quod
823 1667 1232 1732 ambitiosam
1278 1668 1590 1752 popinam
1637 1667 1947 1751 instruat,
1998 1690 2121 1733 nec
2163 1668 2347 1755 piget

290 1778 330 1820 a
385 1754 668 1838 Parthis,
709 1780 762 1820 -a
817 1756 1050 1839 quibus
1105 1756 1392 1821 nondum
1448 1778 1692 1840 poenas
1749 1760 2129 1842 repetimus,
2194 1777 2344 1822 aves

289 1849 522 1930 petere.
615 1845 902 1929 undique
953 1847 1328 1912 convehunt
1373 1845 1617 1929 omnia,
1670 1849 1828 1912 nota
1871 1847 2113 1931 ignota,
2166 1846 2344 1912 fasti-

293 1934 495 1998 dienti
559 1935 776 2020 gulae3
841 1935 1014 2019 quod
1076 1935 1433 2000 dissolutus
1494 1934 1740 2001 deliciis
1801 1938 2173 2002 stomachus
2233 1935 2345 2001 vix

291 2023 621 2107 admittat,
665 2024 744 2088 ab
784 2025 1016 2090 ultimo
1052 2027 1353 2109 portatur
1392 2045 1663 2108 oceano;
1707 2028 1980 2090 vomunt
2014 2030 2089 2090 ut
2135 2024 2345 2108 edant,

290 2112 494 2176 edunt
545 2116 620 2176 ut
673 2116 970 2196 vomant,
1022 2119 1087 2178 et
1141 2114 1394 2197 epulas,
1450 2135 1609 2197 quas
1669 2117 1811 2179 toto
1869 2114 2023 2179 orbe
2078 2113 2345 2198 conqui-

288 2205 470 2286 runt,
515 2223 635 2268 nec
681 2223 1081 2286 concoquere
1127 2201 1495 2288 dignantur.
1586 2201 1713 2268 ista
1753 2202 1815 2274 ‚si
1861 2203 2007 2287 quis
2054 2202 2347 2287 despicit,

293 2290 449 2374 quid
511 2290 609 2356 illi
672 2297 1020 2377 paupertas
1084 2291 1319 2358 nocet?
1409 2291 1676 2377 siquis
1740 2293 2171 2377 concupiscit,
2244 2292 2345 2357 illi

287 2384 639 2466 paupertas
699 2382 891 2447 etiam
950 2382 1242 2467 prodest:
1301 2381 1544 2446 invitus
1600 2381 1771 2447 enim
1830 2386 2092 2447 sanatur
2133 2385 2229 2464 et,
2261 2381 2344 2446 -si

289 2469 572 2535 remedia
642 2493 725 2536 ne
798 2477 1058 2538 coactus
1141 2471 1401 2555 quidem
1483 2471 1742 2556 recipit,
1823 2471 2084 2537 interim
2154 2474 2343 2555 certe,

291 2559 447 2623 dum
502 2581 637 2625 non
690 2565 906 2644 potest
959 2561 1153 2645 velle,
1205 2560 1458 2626 nolenti
1512 2561 1742 2626 similis
1799 2564 1911 2626 est.
2007 2557 2074 2626 O.
2112 2557 2345 2648 Caesar
2376 2579 2413 2626 4

292 2647 686 2734 [Augustus]
697 2699 722 2732 ,a
773 2672 963 2734 quem
1011 2650 1171 2716 mihi
1215 2650 1472 2737 videtur
1514 2667 1731 2716 rerum
1774 2653 2007 2715 natura
2052 2649 2342 2733 edidisse,

289 2740 367 2802 ut
431 2739 822 2822 ostenderet,
887 2740 1042 2824 quid
1107 2759 1359 2805 summa
1420 2739 1582 2804 vitia
1639 2739 1710 2804 in
1770 2761 2023 2804 summa
2079 2737 2343 2804 fortuna

290 2832 585 2910 possent,
639 2829 924 2894 centiens
981 2830 1276 2895 sestertio
1334 2829 1587 2896 cenavit
1630 2849 1761 2894 uno
1809 2827 1941 2912 die;
1995 2833 2059 2893 et
2104 2829 2173 2893 in
2218 2829 2342 2893 hoc

475 3037 504 3094 7
543 3039 620 3094 sit
645 3042 700 3095 A
739 3041 826 3094 est
858 3041 1021 3096 Gertz
1055 3041 1076 3112 ΙΙ
1110 3040 1146 3095 8
1179 3039 1254 3093 ad
1282 3055 1373 3093 me
1410 3055 1546 3094 corr.
1578 3056 1647 3094 ex
1674 3055 1710 3093 a
1736 3055 1829 3093 me
1857 3040 2011 3093 A¹··¹
2037 3039 2057 3110 ΙΙ
2093 3038 2166 3092 10
2193 3055 2341 3094 sum-

291 3110 508 3164 moueri
547 3113 602 3166 A
658 3110 992 3167 submouere
1034 3123 1068 3165 ς
1121 3110 1142 3183 ΙΙ
1194 3109 1266 3166 18
1315 3110 1582 3179 repetim3
1625 3111 1680 3164 A
1734 3109 2066 3179 repetiimus
2110 3110 2343 3178 Isipsius

290 3181 546 3236 -tivimus
596 3183 701 3237 alii
743 3183 778 3308 '⁸2
812 3183 883 3237 19
921 3184 1204 3238 conueunt
1239 3181 1325 3236 A²
1358 3181 1399 3234 h
1434 3197 1477 3236 s.
1505 3199 1553 3236 v.
1584 3181 1715 3236 add.
1743 3199 1814 3236 m.
1844 3184 1879 3235 5
1935 3181 1942 3252 Ι
2001 3181 2339 3250 <ignota>

291 3253 422 3308 add.
465 3252 629 3308 Gertz
677 3269 750 3307 no
779 3269 814 3308 a
863 3254 967 3310 del.
1009 3254 1235 3323 Haupt,
1271 3254 1337 3307 in
1372 3253 1515 3306 nata
1549 3257 1729 3308 mutat
1763 3252 1983 3321 Ρααῖῃς
2029 3251 2341 3321 longinqua

293 3323 635 3393 convehunt,
686 3325 880 3380 omnia
927 3327 1064 3380 nota
1114 3324 1153 3380 f.
1193 3343 1245 3395 g.
1286 3324 1558 3380 Schultess
1672 3321 1747 3378 24
1780 3322 1936 3386 noc&
1972 3323 2037 3377 in
2061 3338 2172 3376 ras.
2201 3322 2287 3376 A⁶
2319 3321 2340 3392 ΙΙ

291 3397 365 3451 26
391 3395 596 3466 recipit
623 3409 658 3450 s·
684 3397 901 3467 recepit
918 3398 976 3453 A
1001 3396 1022 3468 ΙΙ
1056 3395 1126 3452 27
1153 3395 1299 3458 velle
1320 3393 1561 3466 Madvig
1586 3394 1609 3448 i
1654 3410 1689 3449 a
1708 3395 1763 3448 A
1792 3393 1897 3448 illa
1924 3395 1981 3462 (i.
2004 3410 2047 3448 e.
2067 3391 2337 3458 remedia)

293 3466 470 3535 nolle,
506 3466 719 3522 volenti
756 3485 798 3523 s.
829 3485 876 3524 e.
911 3469 1073 3523 Gertz
1115 3468 1122 3539 Ι
1165 3467 1220 3522 C.
1253 3465 1459 3522 Caesar
1494 3467 1632 3536 voly.
1674 3464 1751 3521 .G.
1785 3480 1945 3536 cesar
1981 3464 2253 3532 augustus
2281 3463 2325 3515 A

401 3573 636 3619 SENECAE
661 3584 829 3620 OPERA
856 3577 894 3616 1.
916 3579 950 3617 1.
975 3577 1043 3618 cd.
1062 3577 1109 3617 H
1121 3587 1144 3616 ο
1156 3587 1234 3616 rm
1245 3587 1270 3617 e
1282 3587 1317 3617 s.
1839 3576 1908 3626 23
