<?xml version="1.0" encoding="UTF-8"?>
<!DOCTYPE html PUBLIC "-//W3C//DTD XHTML 1.0 Transitional//EN"
    "http://www.w3.org/TR/xhtml1/DTD/xhtml1-transitional.dtd">
<html xmlns="http://www.w3.org/1999/xhtml" xml:lang="en" lang="en">
 <head>
  <title>
</title>
<meta http-equiv="Content-Type" content="text/html;charset=utf-8" />
  <meta name='ocr-system' content='tesseract 3.04.00' />
  <meta name='ocr-capabilities' content='ocr_page ocr_carea ocr_par ocr_line ocrx_word'/>
</head>
<body>
  <div class='ocr_page' id='page_1' title='image "./lannaeisenecaeo01unkngoog_0148.png"; bbox 0 0 2544 3746; ppageno 0'>
   <div class='ocr_carea' id='block_1_1' title="bbox 247 57 1881 129">
    <p class='ocr_par' dir='ltr' id='par_1_1' title="bbox 247 57 1881 129">
     <span class='ocr_line' id='line_1_1' title="bbox 247 57 1881 129; baseline -0.002 -12"><span class='ocrx_word' id='word_1_1' title='bbox 247 63 375 129; x_wconf 82' lang='lat'>124</span> <span class='ocrx_word' id='word_1_2' title='bbox 649 60 708 113; x_wconf 93' lang='lat' dir='ltr'>L.</span> <span class='ocrx_word' id='word_1_3' title='bbox 739 58 1024 126; x_wconf 72' lang='lat' dir='ltr'>ANNAEI</span> <span class='ocrx_word' id='word_1_4' title='bbox 1060 57 1390 115; x_wconf 81' lang='lat' dir='ltr'>SENECAE</span> <span class='ocrx_word' id='word_1_5' title='bbox 1426 59 1619 115; x_wconf 79' lang='lat' dir='ltr'>DIAL.</span> <span class='ocrx_word' id='word_1_6' title='bbox 1648 60 1781 114; x_wconf 90' lang='lat' dir='ltr'><strong>LIB.</strong></span> <span class='ocrx_word' id='word_1_7' title='bbox 1811 58 1881 114; x_wconf 88' lang='lat' dir='ltr'>V.</span> 
     </span>
    </p>
   </div>
   <div class='ocr_carea' id='block_1_2' title="bbox 241 204 2376 1364">
    <p class='ocr_par' dir='ltr' id='par_1_2' title="bbox 241 204 2376 1364">
     <span class='ocr_line' id='line_1_2' title="bbox 241 204 2285 292; baseline -0 -20"><span class='ocrx_word' id='word_1_8' title='bbox 241 206 436 273; x_wconf 91' lang='lat' dir='ltr'>modo</span> <span class='ocrx_word' id='word_1_9' title='bbox 483 228 550 271; x_wconf 89' lang='lat' dir='ltr'>se</span> <span class='ocrx_word' id='word_1_10' title='bbox 598 209 780 290; x_wconf 89' lang='lat' dir='ltr'>pater</span> <span class='ocrx_word' id='word_1_11' title='bbox 825 228 1043 292; x_wconf 82' lang='lat' dir='ltr'>gerere</span> <span class='ocrx_word' id='word_1_12' title='bbox 1087 204 1379 271; x_wconf 73' lang='lat' dir='ltr'>debuerit</span> <span class='ocrx_word' id='word_1_13' title='bbox 1424 209 1601 271; x_wconf 86' lang='lat' dir='ltr'>stans</span> <span class='ocrx_word' id='word_1_14' title='bbox 1647 212 1838 291; x_wconf 73' lang='lat' dir='ltr'>Buper</span> <span class='ocrx_word' id='word_1_15' title='bbox 1883 206 2153 273; x_wconf 85' lang='lat' dir='ltr'>cadaver</span> <span class='ocrx_word' id='word_1_16' title='bbox 2188 207 2285 271; x_wconf 83' lang='lat' dir='ltr'>fili</span> 
     </span>
     <span class='ocr_line' id='line_1_3' title="bbox 244 292 2282 379; baseline -0.001 -18"><span class='ocrx_word' id='word_1_17' title='bbox 244 297 345 361; x_wconf 77' lang='lat' dir='ltr'>sui</span> <span class='ocrx_word' id='word_1_18' title='bbox 391 296 776 379; x_wconf 87' lang='lat' dir='ltr'>caedemque</span> <span class='ocrx_word' id='word_1_19' title='bbox 821 292 1032 378; x_wconf 90' lang='lat' dir='ltr'>illam,</span> <span class='ocrx_word' id='word_1_20' title='bbox 1089 296 1272 361; x_wconf 89' lang='lat' dir='ltr'>cuius</span> <span class='ocrx_word' id='word_1_21' title='bbox 1332 299 1398 360; x_wconf 90' lang='lat' dir='ltr'>et</span> <span class='ocrx_word' id='word_1_22' title='bbox 1450 296 1634 361; x_wconf 82' lang='lat' dir='ltr'>testis</span> <span class='ocrx_word' id='word_1_23' title='bbox 1689 296 1899 361; x_wconf 87' lang='lat' dir='ltr'>fuerat</span> <span class='ocrx_word' id='word_1_24' title='bbox 1956 300 2021 361; x_wconf 94' lang='lat' dir='ltr'>et</span> <span class='ocrx_word' id='word_1_25' title='bbox 2066 317 2282 362; x_wconf 87' lang='lat' dir='ltr'>causa:</span> 
     </span>
     <span class='ocr_line' id='line_1_4' title="bbox 243 384 2281 471; baseline 0 -21"><span class='ocrx_word' id='word_1_26' title='bbox 243 384 309 450; x_wconf 91' lang='lat' dir='ltr'>id</span> <span class='ocrx_word' id='word_1_27' title='bbox 357 386 434 451; x_wconf 88' lang='lat' dir='ltr'>de</span> <span class='ocrx_word' id='word_1_28' title='bbox 481 407 609 470; x_wconf 91' lang='lat' dir='ltr'>quo</span> <span class='ocrx_word' id='word_1_29' title='bbox 669 406 842 450; x_wconf 89' lang='lat' dir='ltr'>nunc</span> <span class='ocrx_word' id='word_1_30' title='bbox 897 385 1112 471; x_wconf 87' lang='lat' dir='ltr'>agitur</span> <span class='ocrx_word' id='word_1_31' title='bbox 1166 389 1457 469; x_wconf 88' lang='lat' dir='ltr'>apparet,</span> <span class='ocrx_word' id='word_1_32' title='bbox 1503 385 1666 450; x_wconf 84' lang='lat' dir='ltr'>iram</span> <span class='ocrx_word' id='word_1_33' title='bbox 1714 385 2032 470; x_wconf 81' lang='lat' dir='ltr'>supprimi</span> <span class='ocrx_word' id='word_1_34' title='bbox 2076 408 2281 470; x_wconf 90' lang='lat' dir='ltr'>posse.</span> 
     </span>
     <span class='ocr_line' id='line_1_5' title="bbox 241 474 2284 560; baseline 0 -21"><span class='ocrx_word' id='word_1_35' title='bbox 241 497 374 541; x_wconf 84' lang='lat' dir='ltr'>non</span> <span class='ocrx_word' id='word_1_36' title='bbox 420 476 587 540; x_wconf 88' lang='lat' dir='ltr'>male</span> <span class='ocrx_word' id='word_1_37' title='bbox 633 474 798 539; x_wconf 87' lang='lat' dir='ltr'>dixit</span> <span class='ocrx_word' id='word_1_38' title='bbox 841 475 1006 559; x_wconf 86' lang='lat' dir='ltr'>regi,</span> <span class='ocrx_word' id='word_1_39' title='bbox 1051 474 1307 538; x_wconf 88' lang='lat' dir='ltr'>nullum</span> <span class='ocrx_word' id='word_1_40' title='bbox 1352 474 1568 539; x_wconf 89' lang='lat' dir='ltr'>emisit</span> <span class='ocrx_word' id='word_1_41' title='bbox 1611 496 1693 539; x_wconf 92' lang='lat' dir='ltr'>ne</span> <span class='ocrx_word' id='word_1_42' title='bbox 1739 475 2101 540; x_wconf 73' lang='lat' dir='ltr'>calamitosi</span> <span class='ocrx_word' id='word_1_43' title='bbox 2146 477 2284 560; x_wconf 90' lang='lat' dir='ltr'>qui·</span> 
     </span>
     <span class='ocr_line' id='line_1_6' title="bbox 242 564 2374 647; baseline -0.002 -18"><span class='ocrx_word' id='word_1_44' title='bbox 242 564 389 629; x_wconf 92' lang='lat' dir='ltr'>dem</span> <span class='ocrx_word' id='word_1_45' title='bbox 448 564 747 647; x_wconf 83' lang='lat' dir='ltr'>verbum,</span> <span class='ocrx_word' id='word_1_46' title='bbox 805 585 954 629; x_wconf 89' lang='lat' dir='ltr'>cum</span> <span class='ocrx_word' id='word_1_47' title='bbox 1013 584 1212 647; x_wconf 91' lang='lat' dir='ltr'>aeque</span> <span class='ocrx_word' id='word_1_48' title='bbox 1272 584 1386 628; x_wconf 91' lang='lat' dir='ltr'>cor</span> <span class='ocrx_word' id='word_1_49' title='bbox 1450 584 1637 629; x_wconf 89' lang='lat' dir='ltr'>suum</span> <span class='ocrx_word' id='word_1_50' title='bbox 1699 584 1893 647; x_wconf 89' lang='lat' dir='ltr'>quam</span> <span class='ocrx_word' id='word_1_51' title='bbox 1938 564 2037 629; x_wconf 90' lang='lat' dir='ltr'>fili</span> <span class='ocrx_word' id='word_1_52' title='bbox 2080 567 2285 630; x_wconf 88' lang='lat' dir='ltr'>trans-</span> <span class='ocrx_word' id='word_1_53' title='bbox 2349 584 2374 624; x_wconf 71' lang='lat' dir='ltr'>s</span> 
     </span>
     <span class='ocr_line' id='line_1_7' title="bbox 242 651 2284 738; baseline 0 -19"><span class='ocrx_word' id='word_1_54' title='bbox 242 654 445 728; x_wconf 84' lang='lat' dir='ltr'>fixum</span> <span class='ocrx_word' id='word_1_55' title='bbox 484 654 744 719; x_wconf 83' lang='lat' dir='ltr'>videre-t.</span> <span class='ocrx_word' id='word_1_56' title='bbox 809 656 1025 738; x_wconf 86' lang='lat' dir='ltr'>potest</span> <span class='ocrx_word' id='word_1_57' title='bbox 1059 651 1189 717; x_wconf 87' lang='lat' dir='ltr'>dici</span> <span class='ocrx_word' id='word_1_58' title='bbox 1226 652 1457 717; x_wconf 89' lang='lat' dir='ltr'>merito</span> <span class='ocrx_word' id='word_1_59' title='bbox 1494 652 1833 718; x_wconf 82' lang='lat' dir='ltr'>devorasse</span> <span class='ocrx_word' id='word_1_60' title='bbox 1870 653 2090 735; x_wconf 80' lang='lat' dir='ltr'>verba3</span> <span class='ocrx_word' id='word_1_61' title='bbox 2133 676 2284 719; x_wconf 90' lang='lat' dir='ltr'>nam</span> 
     </span>
     <span class='ocr_line' id='line_1_8' title="bbox 245 741 2326 827; baseline -0.001 -19"><span class='ocrx_word' id='word_1_62' title='bbox 245 744 301 809; x_wconf 91' lang='lat' dir='ltr'>si</span> <span class='ocrx_word' id='word_1_63' title='bbox 347 744 504 827; x_wconf 90' lang='lat' dir='ltr'>quid</span> <span class='ocrx_word' id='word_1_64' title='bbox 547 748 879 826; x_wconf 80' lang='lat' dir='ltr'><strong>tamquam</strong></span> <span class='ocrx_word' id='word_1_65' title='bbox 925 743 1127 806; x_wconf 89' lang='lat' dir='ltr'>iratus</span> <span class='ocrx_word' id='word_1_66' title='bbox 1174 741 1459 825; x_wconf 77' lang='lat' dir='ltr'>dixisset,</span> <span class='ocrx_word' id='word_1_67' title='bbox 1513 742 1682 807; x_wconf 91' lang='lat' dir='ltr'>nihil</span> <span class='ocrx_word' id='word_1_68' title='bbox 1726 745 2056 827; x_wconf 87' lang='lat' dir='ltr'>tamquam</span> <span class='ocrx_word' id='word_1_69' title='bbox 2102 746 2285 827; x_wconf 84' lang='lat' dir='ltr'>pater</span> <span class='ocrx_word' id='word_1_70' title='bbox 2320 781 2326 785; x_wconf 91' lang='lat'>-</span> 
     </span>
     <span class='ocr_line' id='line_1_9' title="bbox 242 830 2283 917; baseline 0 -20"><span class='ocrx_word' id='word_1_71' title='bbox 242 833 450 898; x_wconf 88' lang='lat' dir='ltr'>facere</span> <span class='ocrx_word' id='word_1_72' title='bbox 515 832 847 917; x_wconf 88' lang='lat' dir='ltr'>potuisset.</span> <span class='ocrx_word' id='word_1_73' title='bbox 940 834 1180 916; x_wconf 88' lang='lat' dir='ltr'>potest,</span> <span class='ocrx_word' id='word_1_74' title='bbox 1227 830 1522 915; x_wconf 85' lang='lat' dir='ltr'>inquam,</span> <span class='ocrx_word' id='word_1_75' title='bbox 1567 830 1771 896; x_wconf 80' lang='lat' dir='ltr'>videri</span> <span class='ocrx_word' id='word_1_76' title='bbox 1817 832 2171 915; x_wconf 87' lang='lat' dir='ltr'>sapientius</span> <span class='ocrx_word' id='word_1_77' title='bbox 2218 854 2283 897; x_wconf 89' lang='lat' dir='ltr'>se</span> 
     </span>
     <span class='ocr_line' id='line_1_10' title="bbox 243 919 2285 1007; baseline 0 -21"><span class='ocrx_word' id='word_1_78' title='bbox 243 921 312 986; x_wconf 93' lang='lat' dir='ltr'>in</span> <span class='ocrx_word' id='word_1_79' title='bbox 348 922 463 987; x_wconf 91' lang='lat' dir='ltr'>illo</span> <span class='ocrx_word' id='word_1_80' title='bbox 501 944 656 989; x_wconf 87' lang='lat' dir='ltr'>casu</span> <span class='ocrx_word' id='word_1_81' title='bbox 692 920 989 1007; x_wconf 85' lang='lat' dir='ltr'>gessisse,</span> <span class='ocrx_word' id='word_1_82' title='bbox 1037 942 1232 1004; x_wconf 87' lang='lat' dir='ltr'>quam</span> <span class='ocrx_word' id='word_1_83' title='bbox 1268 941 1416 985; x_wconf 85' lang='lat' dir='ltr'>cum</span> <span class='ocrx_word' id='word_1_84' title='bbox 1453 919 1533 985; x_wconf 95' lang='lat' dir='ltr'>de</span> <span class='ocrx_word' id='word_1_85' title='bbox 1567 919 1839 1004; x_wconf 88' lang='lat' dir='ltr'>potandi</span> <span class='ocrx_word' id='word_1_86' title='bbox 1873 920 2069 987; x_wconf 91' lang='lat' dir='ltr'>modo</span> <span class='ocrx_word' id='word_1_87' title='bbox 2106 944 2285 1006; x_wconf 88' lang='lat' dir='ltr'>prae·</span> 
     </span>
     <span class='ocr_line' id='line_1_11' title="bbox 243 1009 2376 1096; baseline -0.004 -19"><span class='ocrx_word' id='word_1_88' title='bbox 243 1010 484 1096; x_wconf 79' lang='lat' dir='ltr'>ciperet</span> <span class='ocrx_word' id='word_1_89' title='bbox 520 1010 704 1095; x_wconf 76' lang='lat' dir='ltr'>(ei),</span> <span class='ocrx_word' id='word_1_90' title='bbox 751 1032 943 1095; x_wconf 87' lang='lat' dir='ltr'>quem</span> <span class='ocrx_word' id='word_1_91' title='bbox 991 1010 1192 1076; x_wconf 87' lang='lat' dir='ltr'>satius</span> <span class='ocrx_word' id='word_1_92' title='bbox 1237 1013 1376 1074; x_wconf 89' lang='lat' dir='ltr'>erat</span> <span class='ocrx_word' id='word_1_93' title='bbox 1411 1009 1635 1074; x_wconf 83' lang='lat' dir='ltr'>vinum</span> <span class='ocrx_word' id='word_1_94' title='bbox 1674 1032 1867 1094; x_wconf 89' lang='lat' dir='ltr'>quam</span> <span class='ocrx_word' id='word_1_95' title='bbox 1906 1012 2285 1095; x_wconf 85' lang='lat' dir='ltr'>sanguinem</span> <span class='ocrx_word' id='word_1_96' title='bbox 2322 1030 2376 1069; x_wconf 81' lang='grc' dir='ltr'>ιο</span> 
     </span>
     <span class='ocr_line' id='line_1_12' title="bbox 241 1098 2286 1185; baseline -0 -19"><span class='ocrx_word' id='word_1_97' title='bbox 241 1100 484 1185; x_wconf 87' lang='lat' dir='ltr'>bibere,</span> <span class='ocrx_word' id='word_1_98' title='bbox 532 1100 713 1166; x_wconf 88' lang='lat' dir='ltr'>cuius</span> <span class='ocrx_word' id='word_1_99' title='bbox 751 1121 978 1165; x_wconf 91' lang='lat' dir='ltr'>manus</span> <span class='ocrx_word' id='word_1_100' title='bbox 1016 1098 1268 1183; x_wconf 90' lang='lat' dir='ltr'>poculis</span> <span class='ocrx_word' id='word_1_101' title='bbox 1306 1100 1610 1183; x_wconf 86' lang='lat' dir='ltr'>occupari</span> <span class='ocrx_word' id='word_1_102' title='bbox 1645 1121 1777 1183; x_wconf 86' lang='lat' dir='ltr'>pax-</span> <span class='ocrx_word' id='word_1_103' title='bbox 1810 1102 1972 1165; x_wconf 74' lang='lat' dir='ltr'>eratz</span> <span class='ocrx_word' id='word_1_104' title='bbox 2019 1100 2286 1165; x_wconf 86' lang='lat' dir='ltr'>accessit</span> 
     </span>
     <span class='ocr_line' id='line_1_13' title="bbox 244 1188 2286 1273; baseline -0 -19"><span class='ocrx_word' id='word_1_105' title='bbox 244 1189 460 1273; x_wconf 89' lang='lat' dir='ltr'>itaque</span> <span class='ocrx_word' id='word_1_106' title='bbox 507 1188 588 1255; x_wconf 92' lang='lat' dir='ltr'>ad</span> <span class='ocrx_word' id='word_1_107' title='bbox 623 1210 964 1253; x_wconf 90' lang='lat' dir='ltr'>numerum</span> <span class='ocrx_word' id='word_1_108' title='bbox 1001 1210 1252 1271; x_wconf 92' lang='lat' dir='ltr'>eorum,</span> <span class='ocrx_word' id='word_1_109' title='bbox 1299 1189 1413 1272; x_wconf 91' lang='lat' dir='ltr'>qui</span> <span class='ocrx_word' id='word_1_110' title='bbox 1449 1189 1703 1273; x_wconf 82' lang='lat' dir='ltr'>magnis</span> <span class='ocrx_word' id='word_1_111' title='bbox 1741 1189 2030 1255; x_wconf 77' lang='lat' dir='ltr'>cladibus</span> <span class='ocrx_word' id='word_1_112' title='bbox 2077 1191 2286 1254; x_wconf 86' lang='lat' dir='ltr'>osten-</span> 
     </span>
     <span class='ocr_line' id='line_1_14' title="bbox 245 1277 2285 1364; baseline 0 -21"><span class='ocrx_word' id='word_1_113' title='bbox 245 1277 500 1363; x_wconf 88' lang='lat' dir='ltr'>derunt,</span> <span class='ocrx_word' id='word_1_114' title='bbox 553 1278 780 1362; x_wconf 87' lang='lat' dir='ltr'>quanti</span> <span class='ocrx_word' id='word_1_115' title='bbox 823 1280 1194 1343; x_wconf 82' lang='lat' dir='ltr'>constarent</span> <span class='ocrx_word' id='word_1_116' title='bbox 1235 1298 1466 1364; x_wconf 86' lang='lat' dir='ltr'>regum</span> <span class='ocrx_word' id='word_1_117' title='bbox 1512 1278 1736 1343; x_wconf 85' lang='lat' dir='ltr'>amicis</span> <span class='ocrx_word' id='word_1_118' title='bbox 1781 1278 1953 1343; x_wconf 89' lang='lat' dir='ltr'>bona</span> <span class='ocrx_word' id='word_1_119' title='bbox 1998 1278 2285 1344; x_wconf 84' lang='lat' dir='ltr'>consilia.</span> 
     </span>
    </p>
   </div>
   <div class='ocr_carea' id='block_1_3' title="bbox 244 1382 2377 1918">
    <p class='ocr_par' dir='ltr' id='par_1_3' title="bbox 244 1382 2377 1918">
     <span class='ocr_line' id='line_1_15' title="bbox 421 1382 2287 1469; baseline 0 -19"><span class='ocrx_word' id='word_1_120' title='bbox 421 1383 562 1450; x_wconf 87' lang='lat' dir='ltr'>XV.</span> <span class='ocrx_word' id='word_1_121' title='bbox 627 1383 782 1449; x_wconf 88' lang='lat' dir='ltr'>Non</span> <span class='ocrx_word' id='word_1_122' title='bbox 828 1384 1052 1449; x_wconf 91' lang='lat' dir='ltr'>dubito</span> <span class='ocrx_word' id='word_1_123' title='bbox 1101 1385 1259 1469; x_wconf 87' lang='lat' dir='ltr'>quin</span> <span class='ocrx_word' id='word_1_124' title='bbox 1302 1382 1649 1469; x_wconf 86' lang='lat' dir='ltr'>Harpagus</span> <span class='ocrx_word' id='word_1_125' title='bbox 1695 1405 1953 1468; x_wconf 91' lang='lat' dir='ltr'>quoque</span> <span class='ocrx_word' id='word_1_126' title='bbox 1998 1385 2128 1450; x_wconf 88' lang='lat' dir='ltr'>tale</span> <span class='ocrx_word' id='word_1_127' title='bbox 2173 1385 2287 1450; x_wconf 83' lang='lat' dir='ltr'>ali·</span> 
     </span>
     <span class='ocr_line' id='line_1_16' title="bbox 246 1472 2377 1561; baseline -0.003 -22"><span class='ocrx_word' id='word_1_128' title='bbox 246 1474 402 1559; x_wconf 89' lang='lat' dir='ltr'>quid</span> <span class='ocrx_word' id='word_1_129' title='bbox 445 1474 585 1561; x_wconf 88' lang='lat' dir='ltr'>regi</span> <span class='ocrx_word' id='word_1_130' title='bbox 621 1495 738 1539; x_wconf 91' lang='lat' dir='ltr'>suo</span> <span class='ocrx_word' id='word_1_131' title='bbox 777 1472 1243 1558; x_wconf 85' lang='lat' dir='ltr'>Persarumque</span> <span class='ocrx_word' id='word_1_132' title='bbox 1290 1473 1588 1558; x_wconf 78' lang='lat' dir='ltr'>suaserit,</span> <span class='ocrx_word' id='word_1_133' title='bbox 1635 1494 1764 1557; x_wconf 93' lang='lat' dir='ltr'>quo</span> <span class='ocrx_word' id='word_1_134' title='bbox 1813 1473 2093 1540; x_wconf 88' lang='lat' dir='ltr'>offensus</span> <span class='ocrx_word' id='word_1_135' title='bbox 2128 1474 2287 1539; x_wconf 91' lang='lat' dir='ltr'>libe·</span> <span class='ocrx_word' id='word_1_136' title='bbox 2326 1493 2377 1533; x_wconf 67' lang='grc' dir='ltr'>ιε</span> 
     </span>
     <span class='ocr_line' id='line_1_17' title="bbox 244 1561 2288 1648; baseline 0.001 -22"><span class='ocrx_word' id='word_1_137' title='bbox 244 1585 351 1629; x_wconf 91' lang='lat' dir='ltr'>ros</span> <span class='ocrx_word' id='word_1_138' title='bbox 387 1563 487 1629; x_wconf 86' lang='lat' dir='ltr'>illi</span> <span class='ocrx_word' id='word_1_139' title='bbox 523 1561 877 1648; x_wconf 84' lang='lat' dir='ltr'>epulandos</span> <span class='ocrx_word' id='word_1_140' title='bbox 923 1562 1225 1648; x_wconf 86' lang='lat' dir='ltr'>adposuit</span> <span class='ocrx_word' id='word_1_141' title='bbox 1270 1566 1337 1629; x_wconf 88' lang='lat' dir='ltr'>et</span> <span class='ocrx_word' id='word_1_142' title='bbox 1380 1561 1651 1629; x_wconf 89' lang='lat' dir='ltr'>subinde</span> <span class='ocrx_word' id='word_1_143' title='bbox 1686 1561 1987 1647; x_wconf 90' lang='lat' dir='ltr'>quaesiit,</span> <span class='ocrx_word' id='word_1_144' title='bbox 2032 1586 2116 1627; x_wconf 87' lang='lat' dir='ltr'>an</span> <span class='ocrx_word' id='word_1_145' title='bbox 2152 1564 2288 1648; x_wconf 91' lang='lat' dir='ltr'>pla-</span> 
     </span>
     <span class='ocr_line' id='line_1_18' title="bbox 245 1651 2287 1737; baseline 0 -19"><span class='ocrx_word' id='word_1_146' title='bbox 245 1657 416 1718; x_wconf 87' lang='lat' dir='ltr'>ceret</span> <span class='ocrx_word' id='word_1_147' title='bbox 474 1651 839 1735; x_wconf 81' lang='lat' dir='ltr'>conditura3</span> <span class='ocrx_word' id='word_1_148' title='bbox 888 1651 1116 1719; x_wconf 91' lang='lat' dir='ltr'>deinde</span> <span class='ocrx_word' id='word_1_149' title='bbox 1174 1656 1250 1717; x_wconf 91' lang='lat' dir='ltr'>ut</span> <span class='ocrx_word' id='word_1_150' title='bbox 1310 1653 1464 1718; x_wconf 88' lang='lat' dir='ltr'>satis</span> <span class='ocrx_word' id='word_1_151' title='bbox 1528 1652 1715 1717; x_wconf 89' lang='lat' dir='ltr'>illum</span> <span class='ocrx_word' id='word_1_152' title='bbox 1773 1652 2037 1737; x_wconf 85' lang='lat' dir='ltr'>plenum</span> <span class='ocrx_word' id='word_1_153' title='bbox 2096 1654 2287 1719; x_wconf 85' lang='lat' dir='ltr'>malis</span> 
     </span>
     <span class='ocr_line' id='line_1_19' title="bbox 247 1740 2284 1827; baseline 0 -20"><span class='ocrx_word' id='word_1_154' title='bbox 247 1742 380 1808; x_wconf 87' lang='lat' dir='ltr'>suis</span> <span class='ocrx_word' id='word_1_155' title='bbox 438 1740 627 1825; x_wconf 82' lang='lat' dir='ltr'>vidit,</span> <span class='ocrx_word' id='word_1_156' title='bbox 693 1741 929 1807; x_wconf 87' lang='lat' dir='ltr'>adferri</span> <span class='ocrx_word' id='word_1_157' title='bbox 989 1742 1203 1827; x_wconf 88' lang='lat' dir='ltr'>capita</span> <span class='ocrx_word' id='word_1_158' title='bbox 1260 1741 1526 1806; x_wconf 91' lang='lat' dir='ltr'>illorum</span> <span class='ocrx_word' id='word_1_159' title='bbox 1584 1741 1775 1807; x_wconf 89' lang='lat' dir='ltr'>iussit</span> <span class='ocrx_word' id='word_1_160' title='bbox 1832 1744 1898 1806; x_wconf 89' lang='lat' dir='ltr'>et</span> <span class='ocrx_word' id='word_1_161' title='bbox 1957 1742 2284 1825; x_wconf 87' lang='lat' dir='ltr'>quomodo</span> 
     </span>
     <span class='ocr_line' id='line_1_20' title="bbox 245 1830 2286 1918; baseline 0 -22"><span class='ocrx_word' id='word_1_162' title='bbox 245 1836 411 1898; x_wconf 88' lang='lat' dir='ltr'>esset</span> <span class='ocrx_word' id='word_1_163' title='bbox 448 1834 744 1916; x_wconf 77' lang='lat' dir='ltr'>acceptus</span> <span class='ocrx_word' id='word_1_164' title='bbox 782 1831 1219 1918; x_wconf 82' lang='lat' dir='ltr'>interrogavit.</span> <span class='ocrx_word' id='word_1_165' title='bbox 1275 1852 1409 1896; x_wconf 91' lang='lat' dir='ltr'>non</span> <span class='ocrx_word' id='word_1_166' title='bbox 1434 1830 1776 1897; x_wconf 83' lang='lat' dir='ltr'>defuerunt</span> <span class='ocrx_word' id='word_1_167' title='bbox 1810 1830 2045 1897; x_wconf 73' lang='lat' dir='ltr'>misero</span> <span class='ocrx_word' id='word_1_168' title='bbox 2073 1830 2286 1916; x_wconf 80' lang='lat' dir='ltr'>verba,</span> 
     </span>
    </p>
   </div>
   <div class='ocr_carea' id='block_1_4' title="bbox 132 1919 2383 2007">
    <p class='ocr_par' dir='ltr' id='par_1_4' title="bbox 132 1919 2383 2007">
     <span class='ocr_line' id='line_1_21' title="bbox 132 1919 2383 2007; baseline -0.002 -22"><span class='ocrx_word' id='word_1_169' title='bbox 132 1925 135 1928; x_wconf 76' lang='grc'><strong>’</strong></span> <span class='ocrx_word' id='word_1_170' title='bbox 244 1942 377 1985; x_wconf 85' lang='grc'><strong>11011</strong></span> <span class='ocrx_word' id='word_1_171' title='bbox 422 1944 494 1987; x_wconf 93' lang='lat' dir='ltr'>os</span> <span class='ocrx_word' id='word_1_172' title='bbox 541 1921 891 1987; x_wconf 86' lang='lat' dir='ltr'>concurrit:</span> <span class='ocrx_word' id='word_1_173' title='bbox 939 1920 1122 2006; x_wconf 76' lang='lat' dir='ltr'>‘aput</span> <span class='ocrx_word' id='word_1_174' title='bbox 1165 1921 1408 2007; x_wconf 86' lang='lat' dir='ltr'>regem’.</span> <span class='ocrx_word' id='word_1_175' title='bbox 1451 1921 1664 2005; x_wconf 92' lang='lat' dir='ltr'>inquit</span> <span class='ocrx_word' id='word_1_176' title='bbox 1710 1919 1943 1986; x_wconf 76' lang='lat' dir='ltr'>‘omnis</span> <span class='ocrx_word' id='word_1_177' title='bbox 1991 1943 2150 1986; x_wconf 89' lang='lat' dir='ltr'>cena</span> <span class='ocrx_word' id='word_1_178' title='bbox 2194 1921 2289 1985; x_wconf 89' lang='lat' dir='ltr'>iu·</span> <span class='ocrx_word' id='word_1_179' title='bbox 2326 1940 2383 1980; x_wconf 72' lang='lat' dir='ltr'>zo</span> 
     </span>
    </p>
   </div>
   <div class='ocr_carea' id='block_1_5' title="bbox 243 2005 2387 2986">
    <p class='ocr_par' dir='ltr' id='par_1_5' title="bbox 243 2005 2387 2986">
     <span class='ocr_line' id='line_1_22' title="bbox 247 2005 2289 2093; baseline 0.001 -19"><span class='ocrx_word' id='word_1_180' title='bbox 247 2005 454 2076; x_wconf 69' lang='lat' dir='ltr'>cu‘nda</span> <span class='ocrx_word' id='word_1_181' title='bbox 499 2009 636 2075; x_wconf 68' lang='lat' dir='ltr'>est?</span> <span class='ocrx_word' id='word_1_182' title='bbox 721 2009 876 2093; x_wconf 88' lang='lat' dir='ltr'>quid</span> <span class='ocrx_word' id='word_1_183' title='bbox 933 2010 1058 2076; x_wconf 88' lang='lat' dir='ltr'>hac</span> <span class='ocrx_word' id='word_1_184' title='bbox 1113 2009 1480 2075; x_wconf 88' lang='lat' dir='ltr'>adulatione</span> <span class='ocrx_word' id='word_1_185' title='bbox 1539 2008 1859 2093; x_wconf 80' lang='lat' dir='ltr'>profecit?</span> <span class='ocrx_word' id='word_1_186' title='bbox 1946 2032 2028 2076; x_wconf 92' lang='lat' dir='ltr'>ne</span> <span class='ocrx_word' id='word_1_187' title='bbox 2074 2009 2159 2074; x_wconf 87' lang='lat' dir='ltr'>ad</span> <span class='ocrx_word' id='word_1_188' title='bbox 2193 2033 2289 2076; x_wconf 87' lang='lat' dir='ltr'>re·</span> 
     </span>
     <span class='ocr_line' id='line_1_23' title="bbox 244 2097 2291 2185; baseline 0 -22"><span class='ocrx_word' id='word_1_189' title='bbox 244 2100 479 2184; x_wconf 87' lang='lat' dir='ltr'>liquias</span> <span class='ocrx_word' id='word_1_190' title='bbox 516 2100 911 2164; x_wconf 83' lang='lat' dir='ltr'>invitaretur.</span> <span class='ocrx_word' id='word_1_191' title='bbox 994 2121 1127 2164; x_wconf 91' lang='lat' dir='ltr'>non</span> <span class='ocrx_word' id='word_1_192' title='bbox 1163 2102 1311 2164; x_wconf 83' lang='lat' dir='ltr'>veto</span> <span class='ocrx_word' id='word_1_193' title='bbox 1349 2103 1599 2183; x_wconf 88' lang='lat' dir='ltr'>patrem</span> <span class='ocrx_word' id='word_1_194' title='bbox 1635 2097 1939 2164; x_wconf 87' lang='lat' dir='ltr'>damnare</span> <span class='ocrx_word' id='word_1_195' title='bbox 1974 2100 2147 2185; x_wconf 89' lang='lat' dir='ltr'>regis</span> <span class='ocrx_word' id='word_1_196' title='bbox 2186 2099 2291 2166; x_wconf 88' lang='lat' dir='ltr'>sui</span> 
     </span>
     <span class='ocr_line' id='line_1_24' title="bbox 244 2187 2287 2274; baseline 0 -22"><span class='ocrx_word' id='word_1_197' title='bbox 244 2188 518 2273; x_wconf 87' lang='lat' dir='ltr'>factum,</span> <span class='ocrx_word' id='word_1_198' title='bbox 563 2211 714 2254; x_wconf 84' lang='lat' dir='ltr'>non-</span> <span class='ocrx_word' id='word_1_199' title='bbox 733 2191 880 2253; x_wconf 83' lang='lat' dir='ltr'>veto</span> <span class='ocrx_word' id='word_1_200' title='bbox 929 2209 1230 2274; x_wconf 87' lang='lat' dir='ltr'>quaerere</span> <span class='ocrx_word' id='word_1_201' title='bbox 1278 2187 1541 2272; x_wconf 87' lang='lat' dir='ltr'>dignam</span> <span class='ocrx_word' id='word_1_202' title='bbox 1586 2192 1721 2253; x_wconf 90' lang='lat' dir='ltr'>tam</span> <span class='ocrx_word' id='word_1_203' title='bbox 1766 2189 1937 2252; x_wconf 90' lang='lat' dir='ltr'>truci</span> <span class='ocrx_word' id='word_1_204' title='bbox 1980 2191 2287 2272; x_wconf 85' lang='lat' dir='ltr'>portento</span> 
     </span>
     <span class='ocr_line' id='line_1_25' title="bbox 245 2276 2289 2363; baseline -0 -21"><span class='ocrx_word' id='word_1_205' title='bbox 245 2299 546 2362; x_wconf 90' lang='lat' dir='ltr'>poenam,</span> <span class='ocrx_word' id='word_1_206' title='bbox 610 2277 722 2345; x_wconf 87' lang='lat' dir='ltr'>sed</span> <span class='ocrx_word' id='word_1_207' title='bbox 779 2277 906 2344; x_wconf 88' lang='lat' dir='ltr'>hoc</span> <span class='ocrx_word' id='word_1_208' title='bbox 959 2276 1218 2343; x_wconf 87' lang='lat' dir='ltr'>interim</span> <span class='ocrx_word' id='word_1_209' title='bbox 1265 2277 1535 2363; x_wconf 82' lang='lat' dir='ltr'>collige,</span> <span class='ocrx_word' id='word_1_210' title='bbox 1587 2299 1777 2362; x_wconf 89' lang='lat' dir='ltr'>posse</span> <span class='ocrx_word' id='word_1_211' title='bbox 1822 2277 2018 2341; x_wconf 91' lang='lat' dir='ltr'>etiam</span> <span class='ocrx_word' id='word_1_212' title='bbox 2065 2298 2147 2341; x_wconf 85' lang='lat' dir='ltr'>ex</span> <span class='ocrx_word' id='word_1_213' title='bbox 2192 2277 2289 2341; x_wconf 89' lang='lat' dir='ltr'>in-</span> 
     </span>
     <span class='ocr_line' id='line_1_26' title="bbox 246 2365 2384 2454; baseline -0.003 -22"><span class='ocrx_word' id='word_1_214' title='bbox 246 2367 543 2454; x_wconf 87' lang='lat' dir='ltr'>gentibus</span> <span class='ocrx_word' id='word_1_215' title='bbox 590 2366 778 2432; x_wconf 85' lang='lat' dir='ltr'>malis</span> <span class='ocrx_word' id='word_1_216' title='bbox 841 2369 1209 2433; x_wconf 88' lang='lat' dir='ltr'>nascentem</span> <span class='ocrx_word' id='word_1_217' title='bbox 1272 2367 1436 2431; x_wconf 90' lang='lat' dir='ltr'>iram</span> <span class='ocrx_word' id='word_1_218' title='bbox 1490 2366 1798 2434; x_wconf 87' lang='lat' dir='ltr'>abscondi</span> <span class='ocrx_word' id='word_1_219' title='bbox 1851 2369 1919 2432; x_wconf 89' lang='lat' dir='ltr'>et</span> <span class='ocrx_word' id='word_1_220' title='bbox 1962 2365 2046 2430; x_wconf 89' lang='lat' dir='ltr'>ad</span> <span class='ocrx_word' id='word_1_221' title='bbox 2090 2367 2290 2432; x_wconf 82' lang='lat' dir='ltr'>verba</span> <span class='ocrx_word' id='word_1_222' title='bbox 2326 2385 2384 2426; x_wconf 74' lang='lat'>2⁵</span> 
     </span>
     <span class='ocr_line' id='line_1_27' title="bbox 246 2453 2289 2542; baseline -0.001 -20"><span class='ocrx_word' id='word_1_223' title='bbox 246 2457 566 2522; x_wconf 87' lang='lat' dir='ltr'>contraria</span> <span class='ocrx_word' id='word_1_224' title='bbox 620 2456 744 2522; x_wconf 88' lang='lat' dir='ltr'>sibi</span> <span class='ocrx_word' id='word_1_225' title='bbox 799 2457 962 2542; x_wconf 88' lang='lat' dir='ltr'>cogi.</span> <span class='ocrx_word' id='word_1_226' title='bbox 1062 2455 1421 2521; x_wconf 73' lang='lat' dir='ltr'>necessaria</span> <span class='ocrx_word' id='word_1_227' title='bbox 1474 2456 1599 2521; x_wconf 88' lang='lat' dir='ltr'>ista</span> <span class='ocrx_word' id='word_1_228' title='bbox 1651 2458 1750 2520; x_wconf 89' lang='lat' dir='ltr'>est</span> <span class='ocrx_word' id='word_1_229' title='bbox 1804 2453 2047 2521; x_wconf 91' lang='lat' dir='ltr'>doloris</span> <span class='ocrx_word' id='word_1_230' title='bbox 2093 2456 2289 2521; x_wconf 72' lang='lat' dir='ltr'>refre-</span> 
     </span>
     <span class='ocr_line' id='line_1_28' title="bbox 243 2543 2289 2630; baseline -0.001 -20"><span class='ocrx_word' id='word_1_231' title='bbox 243 2545 448 2630; x_wconf 89' lang='lat' dir='ltr'>nati0‚</span> <span class='ocrx_word' id='word_1_232' title='bbox 493 2545 718 2629; x_wconf 90' lang='lat' dir='ltr'>utique</span> <span class='ocrx_word' id='word_1_233' title='bbox 763 2544 890 2611; x_wconf 87' lang='lat' dir='ltr'>hoc</span> <span class='ocrx_word' id='word_1_234' title='bbox 936 2543 1181 2610; x_wconf 89' lang='lat' dir='ltr'>sortitis</span> <span class='ocrx_word' id='word_1_235' title='bbox 1217 2545 1389 2609; x_wconf 82' lang='lat' dir='ltr'>vitae</span> <span class='ocrx_word' id='word_1_236' title='bbox 1427 2566 1629 2630; x_wconf 87' lang='lat' dir='ltr'>genus</span> <span class='ocrx_word' id='word_1_237' title='bbox 1676 2547 1741 2608; x_wconf 90' lang='lat' dir='ltr'>et</span> <span class='ocrx_word' id='word_1_238' title='bbox 1776 2545 1860 2610; x_wconf 89' lang='lat' dir='ltr'>ad</span> <span class='ocrx_word' id='word_1_239' title='bbox 1892 2544 2140 2630; x_wconf 89' lang='lat' dir='ltr'>regiam</span> <span class='ocrx_word' id='word_1_240' title='bbox 2180 2544 2289 2608; x_wconf 87' lang='lat' dir='ltr'>ad-</span> 
     </span>
     <span class='ocr_line' id='line_1_29' title="bbox 244 2633 2289 2718; baseline 0 -20"><span class='ocrx_word' id='word_1_241' title='bbox 244 2633 468 2698; x_wconf 85' lang='lat' dir='ltr'>hibitis</span> <span class='ocrx_word' id='word_1_242' title='bbox 514 2655 828 2698; x_wconf 87' lang='lat' dir='ltr'>mensam:</span> <span class='ocrx_word' id='word_1_243' title='bbox 885 2633 978 2699; x_wconf 88' lang='lat' dir='ltr'>sic</span> <span class='ocrx_word' id='word_1_244' title='bbox 1023 2635 1200 2697; x_wconf 88' lang='lat' dir='ltr'>estur</span> <span class='ocrx_word' id='word_1_245' title='bbox 1244 2633 1417 2718; x_wconf 89' lang='lat' dir='ltr'>apud</span> <span class='ocrx_word' id='word_1_246' title='bbox 1470 2633 1646 2716; x_wconf 89' lang='lat' dir='ltr'>illos,</span> <span class='ocrx_word' id='word_1_247' title='bbox 1704 2633 1797 2698; x_wconf 90' lang='lat' dir='ltr'>sic</span> <span class='ocrx_word' id='word_1_248' title='bbox 1853 2633 2129 2716; x_wconf 91' lang='lat' dir='ltr'>bibitur,</span> <span class='ocrx_word' id='word_1_249' title='bbox 2193 2633 2289 2698; x_wconf 85' lang='lat' dir='ltr'>sic</span> 
     </span>
     <span class='ocr_line' id='line_1_30' title="bbox 245 2720 2289 2809; baseline 0 -23"><span class='ocrx_word' id='word_1_250' title='bbox 245 2722 691 2807; x_wconf 88' lang='lat' dir='ltr'>respondetur,</span> <span class='ocrx_word' id='word_1_251' title='bbox 715 2722 1059 2809; x_wconf 72' lang='lat' dir='ltr'>¹funeribus</span> <span class='ocrx_word' id='word_1_252' title='bbox 1097 2722 1230 2787; x_wconf 92' lang='lat' dir='ltr'>suis</span> <span class='ocrx_word' id='word_1_253' title='bbox 1258 2720 1676 2787; x_wconf 83' lang='lat' dir='ltr'>adridendum</span> <span class='ocrx_word' id='word_1_254' title='bbox 1705 2725 1819 2787; x_wconf 89' lang='lat' dir='ltr'>est.</span> <span class='ocrx_word' id='word_1_255' title='bbox 1876 2744 1959 2786; x_wconf 88' lang='lat' dir='ltr'>an</span> <span class='ocrx_word' id='word_1_256' title='bbox 1994 2722 2163 2786; x_wconf 91' lang='lat' dir='ltr'>tanti</span> <span class='ocrx_word' id='word_1_257' title='bbox 2200 2722 2289 2788; x_wconf 88' lang='lat' dir='ltr'>sit</span> 
     </span>
     <span class='ocr_line' id='line_1_31' title="bbox 244 2807 2387 2894; baseline -0.002 -19"><span class='ocrx_word' id='word_1_258' title='bbox 244 2811 380 2876; x_wconf 83' lang='lat' dir='ltr'>vita</span> <span class='ocrx_word' id='word_1_259' title='bbox 424 2812 808 2877; x_wconf 80' lang='lat' dir='ltr'>videbimus:</span> <span class='ocrx_word' id='word_1_260' title='bbox 866 2812 992 2876; x_wconf 87' lang='lat' dir='ltr'>alia</span> <span class='ocrx_word' id='word_1_261' title='bbox 1036 2811 1162 2875; x_wconf 87' lang='lat' dir='ltr'>ista</span> <span class='ocrx_word' id='word_1_262' title='bbox 1209 2807 1498 2894; x_wconf 90' lang='lat' dir='ltr'>quaestio</span> <span class='ocrx_word' id='word_1_263' title='bbox 1546 2813 1657 2876; x_wconf 88' lang='lat' dir='ltr'>est.</span> <span class='ocrx_word' id='word_1_264' title='bbox 1748 2832 1882 2875; x_wconf 89' lang='lat' dir='ltr'>non</span> <span class='ocrx_word' id='word_1_265' title='bbox 1927 2810 2290 2876; x_wconf 84' lang='lat' dir='ltr'>consolabi-</span> <span class='ocrx_word' id='word_1_266' title='bbox 2327 2830 2387 2871; x_wconf 71' lang='lat' dir='ltr'>ao</span> 
     </span>
     <span class='ocr_line' id='line_1_32' title="bbox 245 2897 2289 2986; baseline -0 -21"><span class='ocrx_word' id='word_1_267' title='bbox 245 2922 391 2965; x_wconf 92' lang='lat' dir='ltr'>mur</span> <span class='ocrx_word' id='word_1_268' title='bbox 453 2904 588 2966; x_wconf 89' lang='lat' dir='ltr'>tam</span> <span class='ocrx_word' id='word_1_269' title='bbox 642 2899 826 2966; x_wconf 89' lang='lat' dir='ltr'>triste</span> <span class='ocrx_word' id='word_1_270' title='bbox 885 2900 1310 2986; x_wconf 84' lang='lat' dir='ltr'>ergastulum,</span> <span class='ocrx_word' id='word_1_271' title='bbox 1377 2921 1511 2964; x_wconf 89' lang='lat' dir='ltr'>non</span> <span class='ocrx_word' id='word_1_272' title='bbox 1574 2898 2060 2964; x_wconf 89' lang='lat' dir='ltr'>adhortabimur</span> <span class='ocrx_word' id='word_1_273' title='bbox 2118 2897 2289 2965; x_wconf 87' lang='lat' dir='ltr'>ferre</span> 
     </span>
    </p>
   </div>
   <div class='ocr_carea' id='block_1_6' title="bbox 244 3071 2290 3502">
    <p class='ocr_par' dir='ltr' id='par_1_6' title="bbox 244 3071 2290 3502">
     <span class='ocr_line' id='line_1_33' title="bbox 423 3071 2289 3145; baseline -0.001 -17"><span class='ocrx_word' id='word_1_274' title='bbox 423 3074 460 3129; x_wconf 77' lang='lat'>5</span> <span class='ocrx_word' id='word_1_275' title='bbox 497 3074 739 3144; x_wconf 81' lang='lat' dir='ltr'>filjtrans</span> <span class='ocrx_word' id='word_1_276' title='bbox 775 3073 947 3128; x_wconf 84' lang='lat' dir='ltr'>fixum</span> <span class='ocrx_word' id='word_1_277' title='bbox 992 3080 1058 3130; x_wconf 78' lang='lat' dir='ltr'>ut</span> <span class='ocrx_word' id='word_1_278' title='bbox 1089 3074 1200 3130; x_wconf 77' lang='lat' dir='ltr'>vid.</span> <span class='ocrx_word' id='word_1_279' title='bbox 1228 3073 1315 3129; x_wconf 77' lang='grc' dir='ltr'>Α.ι</span> <span class='ocrx_word' id='word_1_280' title='bbox 1351 3073 1456 3139; x_wconf 84' lang='lat' dir='ltr'>filii</span> <span class='ocrx_word' id='word_1_281' title='bbox 1491 3073 1820 3127; x_wconf 86' lang='lat' dir='ltr'>transfixum</span> <span class='ocrx_word' id='word_1_282' title='bbox 1846 3071 1933 3127; x_wconf 77' lang='lat' dir='ltr'>A⁶</span> <span class='ocrx_word' id='word_1_283' title='bbox 1972 3072 1995 3145; x_wconf 81' lang='grc' dir='ltr'>ΙΙ</span> <span class='ocrx_word' id='word_1_284' title='bbox 2043 3072 2082 3127; x_wconf 76' lang='grc'><strong>6</strong></span> <span class='ocrx_word' id='word_1_285' title='bbox 2127 3088 2289 3126; x_wconf 86' lang='lat' dir='ltr'>nam-</span> 
     </span>
     <span class='ocr_line' id='line_1_34' title="bbox 244 3143 2289 3289; baseline -0.002 -15"><span class='ocrx_word' id='word_1_286' title='bbox 244 3145 422 3289; x_wconf 55' lang='lat' dir='ltr'>ffluqi‘</span> <span class='ocrx_word' id='word_1_287' title='bbox 447 3145 616 3271; x_wconf 50' lang='grc' dir='ltr'>ἐξὲξ</span> <span class='ocrx_word' id='word_1_288' title='bbox 651 3162 790 3272; x_wconf 68' lang='grc' dir='ltr'>ἓξὲἶ·</span> <span class='ocrx_word' id='word_1_289' title='bbox 806 3154 890 3271; x_wconf 49' lang='grc' dir='ltr'>ἕω</span> <span class='ocrx_word' id='word_1_290' title='bbox 925 3143 1074 3275; x_wconf 57' lang='grc' dir='ltr'>ἓξὲξ</span> <span class='ocrx_word' id='word_1_291' title='bbox 1081 3148 1166 3271; x_wconf 65' lang='lat'>³1?</span> <span class='ocrx_word' id='word_1_292' title='bbox 1191 3147 1264 3272; x_wconf 70' lang='lat'>:22¹</span> <span class='ocrx_word' id='word_1_293' title='bbox 1288 3143 1654 3272; x_wconf 47' lang='lat'>3032&amp;</span> <span class='ocrx_word' id='word_1_294' title='bbox 1688 3143 2075 3286; x_wconf 50' lang='lat' dir='ltr'>trflessffssssfflf</span> <span class='ocrx_word' id='word_1_295' title='bbox 2111 3159 2289 3285; x_wconf 62' lang='lat'>{22⁸3</span> 
     </span>
     <span class='ocr_line' id='line_1_35' title="bbox 245 3233 2290 3373; baseline 0 -30"><span class='ocrx_word' id='word_1_296' title='bbox 245 3289 303 3343; x_wconf 77' lang='lat' dir='ltr'><strong><em>A</em></strong></span> <span class='ocrx_word' id='word_1_297' title='bbox 336 3287 358 3360; x_wconf 78' lang='lat' dir='ltr'>n</span> <span class='ocrx_word' id='word_1_298' title='bbox 399 3233 473 3343; x_wconf 46' lang='grc' dir='ltr'>ιρι</span> <span class='ocrx_word' id='word_1_299' title='bbox 505 3233 809 3373; x_wconf 33' lang='lat' dir='ltr'>affinga-s</span> <span class='ocrx_word' id='word_1_300' title='bbox 845 3235 1160 3373; x_wconf 45' lang='lat' dir='ltr'>Pincianus</span> <span class='ocrx_word' id='word_1_301' title='bbox 1197 3258 1469 3358; x_wconf 48' lang='lat' dir='ltr'>harpasa</span> <span class='ocrx_word' id='word_1_302' title='bbox 1498 3288 1553 3343; x_wconf 76' lang='lat' dir='ltr'><strong><em>A</em></strong></span> <span class='ocrx_word' id='word_1_303' title='bbox 1598 3287 1619 3360; x_wconf 81' lang='grc' dir='ltr'><strong>ῃ</strong></span> <span class='ocrx_word' id='word_1_304' title='bbox 1662 3285 1735 3343; x_wconf 79' lang='lat'>28</span> <span class='ocrx_word' id='word_1_305' title='bbox 1770 3290 1927 3343; x_wconf 74' lang='lat' dir='ltr'>estur</span> <span class='ocrx_word' id='word_1_306' title='bbox 1958 3261 2080 3344; x_wconf 69' lang='lat' dir='ltr'>sin&#39;e</span> <span class='ocrx_word' id='word_1_307' title='bbox 2114 3289 2290 3372; x_wconf 59' lang='lat' dir='ltr'>aubqo</span> 
     </span>
     <span class='ocr_line' id='line_1_36' title="bbox 246 3356 2290 3428; baseline 0 -15"><span class='ocrx_word' id='word_1_308' title='bbox 246 3356 347 3424; x_wconf 53' lang='grc' dir='ltr'>Αἱ,</span> <span class='ocrx_word' id='word_1_309' title='bbox 382 3375 452 3414; x_wconf 71' lang='lat' dir='ltr'>ex</span> <span class='ocrx_word' id='word_1_310' title='bbox 485 3376 655 3424; x_wconf 9' lang='lat' dir='ltr'>cums,</span> <span class='ocrx_word' id='word_1_311' title='bbox 677 3366 957 3428; x_wconf 72' lang='lat' dir='ltr'>emptura</span> <span class='ocrx_word' id='word_1_312' title='bbox 991 3360 1206 3416; x_wconf 57' lang='lat' dir='ltr'>latter-ae</span> <span class='ocrx_word' id='word_1_313' title='bbox 1240 3375 1300 3414; x_wconf 83' lang='lat' dir='ltr'>es</span> <span class='ocrx_word' id='word_1_314' title='bbox 1331 3401 1342 3414; x_wconf 91' lang='lat'><strong>.</strong></span> <span class='ocrx_word' id='word_1_315' title='bbox 1376 3401 1388 3415; x_wconf 91' lang='lat'><strong><em>.</em></strong></span> <span class='ocrx_word' id='word_1_316' title='bbox 1418 3378 1447 3414; x_wconf 90' lang='grc'>1·</span> <span class='ocrx_word' id='word_1_317' title='bbox 1480 3360 1581 3415; x_wconf 79' lang='lat' dir='ltr'>sub</span> <span class='ocrx_word' id='word_1_318' title='bbox 1606 3376 1812 3415; x_wconf 69' lang='lat' dir='ltr'>rasura</span> <span class='ocrx_word' id='word_1_319' title='bbox 1838 3365 2110 3428; x_wconf 73' lang='lat' dir='ltr'>apparent</span> <span class='ocrx_word' id='word_1_320' title='bbox 2117 3380 2139 3426; x_wconf 90' lang='lat'><em>;</em></span> <span class='ocrx_word' id='word_1_321' title='bbox 2165 3359 2290 3415; x_wconf 77' lang='lat' dir='ltr'>edr-</span> 
     </span>
     <span class='ocr_line' id='line_1_37' title="bbox 246 3429 1782 3502; baseline 0.005 -22"><span class='ocrx_word' id='word_1_322' title='bbox 246 3430 341 3480; x_wconf 86' lang='lat' dir='ltr'>tur</span> <span class='ocrx_word' id='word_1_323' title='bbox 374 3430 438 3483; x_wconf 75' lang='lat' dir='ltr'>in</span> <span class='ocrx_word' id='word_1_324' title='bbox 469 3446 580 3484; x_wconf 78' lang='lat' dir='ltr'>ras.</span> <span class='ocrx_word' id='word_1_325' title='bbox 609 3429 694 3485; x_wconf 76' lang='lat' dir='ltr'>A⁵</span> <span class='ocrx_word' id='word_1_326' title='bbox 727 3437 793 3486; x_wconf 78' lang='lat' dir='ltr'>ut</span> <span class='ocrx_word' id='word_1_327' title='bbox 829 3431 882 3485; x_wconf 85' lang='lat' dir='ltr'><strong><em>L</em></strong></span> <span class='ocrx_word' id='word_1_328' title='bbox 891 3451 913 3498; x_wconf 91' lang='lat'><em>;</em></span> <span class='ocrx_word' id='word_1_329' title='bbox 949 3431 1105 3485; x_wconf 83' lang='lat' dir='ltr'>estur</span> <span class='ocrx_word' id='word_1_330' title='bbox 1138 3432 1202 3486; x_wconf 75' lang='lat' dir='ltr'>in</span> <span class='ocrx_word' id='word_1_331' title='bbox 1235 3448 1409 3502; x_wconf 64' lang='lat' dir='ltr'>marg.</span> <span class='ocrx_word' id='word_1_332' title='bbox 1448 3432 1671 3487; x_wconf 75' lang='lat' dir='ltr'>iteravit</span> <span class='ocrx_word' id='word_1_333' title='bbox 1696 3430 1782 3486; x_wconf 76' lang='lat' dir='ltr'>A⁶</span> 
     </span>
    </p>
   </div>
   <div class='ocr_carea' id='block_1_7' title="bbox 2522 1766 2526 3682">
    <p class='ocr_par' dir='ltr' id='par_1_7' title="bbox 2522 1766 2526 3682">
     <span class='ocr_line' id='line_1_38' title="bbox 2522 1766 2526 3682; baseline 0 0"><span class='ocrx_word' id='word_1_334' title='bbox 2522 1766 2526 3682; x_wconf 95' lang='lat' dir='ltr'> </span> 
     </span>
    </p>
   </div>
  </div>
 </body>
</html>
