2544 3746
278 70 406 137 182
667 68 728 121 L.
759 66 1044 123 ANNAEI
1081 66 1413 125 SENECAE
1451 68 1642 127 DIAL.
1669 70 1807 126 LIB.
1832 70 1925 127 VI.

271 237 407 280 non
443 218 542 279 est
577 215 921 280 molestum
984 214 1248 299 servire,
1308 215 1449 299 ubi,
1507 216 1563 281 si
1627 216 1899 282 domimi
1957 222 2319 301 pertaesum

273 308 397 388 est,
442 304 597 369 licet
640 326 772 369 uno
824 303 1030 392 gradu
1075 304 1156 369 ad
1200 266 1566 371 libertatem
1613 308 1903 372 transire.
1980 328 2223 414 caram
2238 312 2322 391 te,

272 394 432 478 vita,
479 394 792 459 beneficio
839 394 1066 460 mortis
1111 394 1347 460 habeo!

454 482 685 570 Cogita
713 488 1027 568 quantum
1054 483 1210 549 boni
1236 488 1607 587 opportuna
1631 506 1806 551 mors
1834 485 2076 555 habeat
2071 534 2099 570 ,
2128 508 2319 571 quam

273 573 496 639 multis
543 571 786 638 diutius
831 572 1068 639 vixisse
1105 574 1418 640 nocuerit.
1494 574 1549 639 si
1588 571 1878 640 Gnaeum
1919 574 2349 660 Pompeium,-

273 662 468 729 decus
515 662 689 727 istud
725 662 1334 748 firmamentumque
1374 662 1657 748 imperii,
1700 662 1983 767 Neapoli
2017 666 2320 731 valetudo

275 751 675 835 abstulisset,
721 751 1124 818 indubitatus
1171 752 1400 838 populi
1435 750 1717 819 Romani
1760 754 2063 839 princeps
2110 776 2324 821 exces-

273 845 468 907 serat:
523 845 593 907 at
645 863 820 907 nunc
875 841 1094 928 exigui
1145 841 1458 926 temporis
1504 842 1779 909 adiectio
1823 842 2088 930 fastigio
2135 844 2322 909 illum

273 952 390 997 suo
439 930 705 1016 depulit.
777 930 944 997 vidit
985 931 1275 1018 legiones
1322 931 1392 996 in
1438 936 1789 1018 conspectu
1836 954 1954 999 suo
2003 954 2219 1009 caesas
2259 938 2324 999 et

273 1042 353 1085 ex
389 1020 502 1086 illo
531 1020 780 1105 proelio
790 1070 809 1105 ‚
844 1020 914 1086 in
942 1041 1070 1105 quo
1098 1021 1311 1106 prima
1338 1020 1507 1087 acies
1536 1042 1604 1087 se
1720 1043 1797 1087 us
1825 1021 1981 1107 fuit,
2008 1060 2096 1069 —
2126 1045 2323 1108 quam

272 1108 560 1175 infelices
615 1110 926 1195 reliquiae
981 1111 1158 1175 sunt!
1199 1147 1284 1157 ——
1320 1110 1538 1195 ipsum
1593 1026 2048 1196 ffleratorem
2105 1134 2323 1198 super-

271 1200 500 1283 fuisse3
569 1198 734 1264 vidit
801 1198 1200 1286 Aegyptium
1265 1200 1633 1266 carnificem
1706 1203 1773 1265 et
1840 1206 2322 1268 sacrosanctum

271 1288 626 1355 victoribus
673 1310 908 1373 corpus
951 1288 1217 1355 satelliti
1252 1289 1605 1374 praestitit,
1650 1290 1846 1355 etiam
1884 1290 1940 1355 si
1976 1290 2323 1357 incolumis

269 1376 527 1481 fuisset,
562 1378 1025 1464 paenitentiam
1053 1378 1281 1444 salutis
1310 1382 1597 1445 acturus.
1640 1377 1797 1464 quid
1824 1380 1995 1445 enim
2025 1383 2165 1445 erat
2191 1384 2323 1445 tur-

201 1484 234 1534 5
272 1468 419 1571 pius
458 1490 653 1553 quam
687 1467 1071 1553 Pompeium
1108 1468 1325 1533 vivere
1362 1468 1676 1534 beneficio
1703 1468 1925 1556 r’egis‘?
1980 1468 2068 1535 M.
2098 1467 2323 1535 Cicero

273 1558 329 1623 si
381 1558 498 1623 illo
553 1560 874 1643 tempore,
931 1579 1059 1642 quo
1108 1555 1422 1623 Catilinae
1477 1557 1641 1623 sicas
1688 1558 2028 1643 devitavit,
2085 1558 2322 1643 quibus

271 1646 516 1731 pariter
561 1668 708 1712 cum
754 1646 964 1731 patria
1007 1646 1252 1731 petitus
1300 1650 1425 1731 est,
1480 1647 1895 1731 concidisset,
1944 1649 2007 1713 si
2049 1648 2325 1714 liberata

270 1758 341 1802 re
394 1736 656 1822 publica
711 1740 1001 1802 servator
1053 1737 1218 1819 eius,
1275 1736 1331 1801 si
1384 1696 1661 1822 denique
1707 1736 1878 1802 filiae
1925 1759 2079 1803 suae
2124 1738 2321 1804 funus

273 1829 531 1893 secutus
571 1829 768 1910 esset,
804 1826 1158 1893 etiamtunc
1193 1826 1352 1892 felix
1389 1826 1556 1893 mori
1591 1828 1840 1912 potuit:
1883 1847 2019 1893 non
2054 1826 2324 1895 vidisset

273 1916 532 1983 strictos
577 1917 649 1981 in
695 1916 910 1982 civilia
955 1917 1168 2001 capita
1213 1938 1552 1982 mucrones
1588 1938 1710 1982 nec
1745 1916 1953 1982 divisa
1987 1939 2324 2002 percusso-

270 2005 449 2071 ribus
506 2005 866 2071 occisorum
911 2005 1109 2089 bona,
1164 2008 1238 2070 ut
1284 2007 1480 2070 etiam
1526 2005 1606 2072 de
1652 2010 1771 2071 suo
1817 2007 2127 2090 perirent,
2189 2029 2325 2074 non

272 2095 525 2160 hastam
573 2094 935 2161 consularia
979 2094 1190 2180 spolia
1232 2096 1619 2161 vendentem
1654 2117 1775 2162 nec
1812 2095 2037 2162 caedes
2074 2097 2323 2162 locatas

271 2183 532 2269 publice
587 2205 709 2250 nec
760 2183 1127 2269 latrocinia,
1185 2184 1386 2269 bella,
1442 2184 1727 2270 rapinas,
1787 2187 2042 2251 tantum
2104 2181 2325 2252 031111-

271 2295 518 2340 narum.
608 2273 693 2340 M.
745 2271 1053 2340 Catonem
1109 2274 1165 2339 si
1219 2297 1258 2340 a
1306 2272 1517 2359 Cypro
1575 2278 1642 2340 et
1684 2274 2061 2341 hereditatis
2105 2277 2323 2364 regiae

272 2362 752 2449 dispensatione
804 2363 1178 2430 redeuntem
1225 2386 1402 2430 mare
1449 2364 1818 2431 devorasset
1862 2366 1966 2431 vel
2012 2387 2161 2431 cum
2210 2367 2325 2432 illa

451 2520 486 2576 1
525 2520 757 2577 dominu
784 2523 839 2577 A
875 2538 1014 2578 corr.
1041 2521 1263 2578 Gronov
1298 2521 1320 2571 11
1356 2521 1392 2576 5
1428 2520 1647 2576 0111311111
1673 2523 1731 2579 A
1766 2521 1879 2593 (Gn
1912 2525 1977 2578 in
2007 2540 2119 2579 ras.
2140 2525 2325 2594 paulo

271 2593 477 2649 maiore
495 2591 600 2663 A⁸)
626 2591 648 2665 ΙΙ
674 2593 712 2647 6
718 2592 1271 2677 ‚firmamentumque
1286 2584 1504 2662 ἐπιμονὴ·
1529 2593 1613 2649 A⁵
1638 2595 1704 2648 in
1728 2612 1841 2649 ras.
1862 2595 2041 2665 paulo
2066 2597 2280 2652 maiore
2310 2595 2319 2668 Ι

273 2679 383 2720 1133
419 2663 503 2748 pli
540 2666 670 2735 (nea
705 2665 770 2719 in
803 2681 914 2719 ras.
945 2682 1015 2719 m.
1043 2666 1102 2730 2)
1128 2664 1186 2720 A
1211 2664 1242 2748 j!
1277 2663 1313 2720 8
1351 2667 1413 2719 at
1448 2665 1571 2721 tolli
1604 2665 1754 2721 iubet
1781 2665 1949 2722 Gertz
1982 2666 2004 2738 ΙΙ
2038 2664 2111 2721 10
2148 2681 2323 2750 quam

273 2735 366 2790 inf
437 2751 530 2791 ces
557 2747 594 2790 s·
629 2742 682 2791 et
705 2735 794 2790 vol
875 2751 985 2820 que
1011 2734 1256 2790 infelicis
1284 2738 1341 2791 A
1376 2735 1408 2820 11
1432 2735 1500 2791 11
1540 2736 1836 2805 reliquias!
1891 2753 2069 2791 unum
2098 2739 2325 2808 scripsit

277 2806 444 2863 Gertz
490 2805 513 2880 ΙΙ
559 2805 632 2862 13
677 2808 800 2862 3313
845 2807 915 2862 111
964 2808 1104 2877 υοῑ9.
1155 2807 1414 2862 satietati
1448 2808 1578 2864 AF
1621 2807 1891 2863 arietanti
1931 2809 2257 2880 Petscheuiq
2302 2810 2325 2882 Η

272 2878 342 2933 17
389 2878 442 2933 si
484 2878 613 2932 add
657 2878 961 2946 Schultese;
1008 2879 1199 2934 malim
1243 2879 1359 2946 fere
1408 2878 1459 2932 si
1503 2877 1861 2934 occubuisset
1902 2881 2041 2934 sim.
2063 2879 2270 2936 addere
2302 2890 2325 2945 n

272 2948 344 3004 18
381 2951 634 3004 servator
667 2950 894 3006 Fickert
936 2952 1128 3004 seruat
1168 2951 1225 3004 A
1269 2947 1291 3021 ΙΙ
1338 2949 1407 3004 21
1450 2952 1515 3004 ut
1550 2951 1667 3004 iam
1704 2966 1898 3004 omnes
1935 2949 2085 3005 diem
2123 2967 2323 3020 supre-

271 3035 428 3075 mum
465 3019 860 3090 opperirentur
895 3021 1213 3076 dubitanter
1246 3023 1389 3078 coni.
1421 3020 1634 3076 Gemoll
1670 3020 1691 3092 ΙΙ
1725 3020 1797 3076 22
1822 3021 2051 3076 hastam
2079 3037 2113 3080 ς
2150 3021 2321 3076 hasta

271 3092 329 3148 A
369 3091 378 3164 Ι
420 3107 525 3147 nec
563 3091 764 3147 caedes
800 3090 1018 3147 locatas
1053 3091 1283 3162 publice
1318 3108 1423 3147 nec
1459 3091 1760 3147 latrocinia
1788 3091 1980 3159 Gertz,
2016 3099 2070 3148 et
2092 3093 2179 3148 ita
2204 3095 2320 3148 iam

275 3163 604 3235 Madviyius
652 3170 986 3232 correxerat,
1035 3165 1154 3218 nisi
1274 3163 1345 3218 od
1392 3165 1445 3218 is
1492 3163 1728 3220 alterum
1780 3179 1887 3218 nec
1934 3165 2164 3219 sustulit
2214 3180 2319 3220 nec

276 3234 456 3307 cedes.
531 3249 637 3290 nec
690 3233 880 3290 locata
933 3234 1162 3306 publice
1240 3235 1518 3306 atrocinia
1562 3236 1651 3303 A;
1708 3235 1978 3292 orationis
2028 3241 2319 3306 corruptae

275 3309 564 3376 antiwam
605 3308 752 3362 hanc
785 3309 958 3375 fuisse
990 3308 1228 3376 formam
1262 3301 1579 3378 wapicatur
1614 3307 1915 3364 Schultess:
1962 3323 2068 3363 nec
2114 3307 2317 3363 caedes

276 3377 796 3503 pecggmlogattalsp
756 3378 1010 3448 publice,
1056 3379 1357 3434 latrocinia
1393 3377 1649 3447 Antonii,
1697 3377 2031 3436 Dolabellae
2065 3380 2315 3450 rapinas

305 3462 378 3500 an
582 3465 616 3502 a
685 3466 925 3506 inarum.

2360 1044 2413 1083 10

2360 1489 2413 1529 15
