2544 3746
224 58 352 125 168
626 56 688 110 L.
718 55 1004 110 ANNAEI
1041 54 1373 112 SENECAE
1412 56 1603 111 DIAL.
1632 56 1767 111 LIB.
1797 55 1894 111 VI.

221 202 328 269 cui
369 202 503 267 frui
547 223 682 267 non
726 202 952 267 liceret
999 200 1156 267 filio.
1238 201 1583 268 circumfer
1628 224 1743 286 per
1790 222 2047 267 omnem
2092 206 2278 267 noto-

218 312 390 375 rum,
465 291 840 377 ignotorum
913 291 1345 374 frequentiam
1420 292 1673 373 oculos,
1746 294 2085 357 occurrent
2155 291 2277 355 tibi

218 381 397 464 passi
467 380 708 465 ubique
781 381 1044 445 maiora.
1162 383 1501 447 senserunt
1570 381 1697 447 ista
1770 381 1991 467 magni
2064 380 2275 464 duces,

220 473 559 536 senserunt
603 470 959 554 principes3
1015 491 1098 534 ne
1145 469 1298 534 deos
1347 467 1607 554 quidem
1653 469 1912 534 fabulae
1958 470 2275 535 immunes

219 559 645 643 reliquerunt,
704 562 866 642 puto
876 608 894 642 ,
949 562 1026 623 ut
1077 562 1449 624 nostrorum
1494 558 1797 623 funerum
1842 558 2277 623 levamentum

221 652 388 714 esset
460 649 654 713 etiam
725 646 945 712 divina
1007 647 1358 713 concidere.
1471 648 1918 732 circumspice,
1991 647 2276 731 inquam,

222 737 458 803 omnis:
522 737 772 801 nullam
817 742 948 801 tam
993 738 1297 801 miseram
1342 736 1708 802 nominabis
1757 737 2047 821 domum,
2110 758 2278 820 quae

217 847 352 891 non
398 826 686 890 inveniat
731 826 800 889 in
846 826 1178 891 miseriore
1229 826 1560 892 solacium.
1652 848 1787 890 non
1832 846 1935 889 me
1979 825 2276 891 hercules

219 917 355 980 tam
414 915 582 979 male
645 914 722 980 de
777 915 1067 980 moribus
1122 914 1252 979 tuis
1302 915 1537 999 sentio,
1584 918 1659 979 ut
1702 919 1927 999 putem
1971 936 2165 999 posse
2211 918 2279 977 te

219 1004 427 1069 levius
490 1003 662 1088 pati.
691 1024 912 1069 casum
970 1006 1156 1068 tuum
1166 1054 1184 1087 ,
1246 1003 1303 1070 si
1360 1003 1481 1069 tibi
1536 1005 1865 1089 ingentem
1910 1004 2277 1089 lugentium

219 1108 561 1158 numerum
597 1092 992 1176 produxero:
1028 1092 1411 1158 malivolum
1448 1093 1674 1158 solacii
1702 1116 1913 1179 genus
1952 1097 2051 1157 est
2084 1092 2280 1157 turba

220 1182 632 1267 miserorum3
679 1182 994 1266 quosdam
1041 1186 1258 1247 tamen
1302 1183 1603 1265 referam,
1648 1204 1783 1247 non
1826 1186 1902 1247 ut
1948 1183 2110 1247 scias
2148 1182 2279 1247 hoc

222 1270 426 1337 solere
468 1271 842 1336 hominibus
889 1270 1176 1336 accidere
1216 1308 1308 1317 —
1352 1271 1699 1337 ridiculum
1746 1276 1845 1337 est
1890 1271 2062 1336 enim
2106 1292 2279 1336 mor-

219 1360 491 1425 talitatis
565 1360 861 1444 exempla
933 1361 1241 1447 colligere
1314 1397 1429 1443 —,
1504 1360 1620 1427 sed
1689 1364 1767 1425 ut
1838 1361 2001 1426 scias
2074 1360 2279 1425 fuisse

220 1449 488 1533 multos,
555 1448 668 1531 qui
728 1449 1008 1513 lenirent
1071 1470 1301 1532 aspera
1358 1448 1609 1534 placide
1670 1448 1951 1514 ferendo.
2044 1470 2083 1513 a
2136 1448 2279 1513 feli·

79 1571 94 1596 ·
152 1554 184 1603 6
221 1538 483 1603 cissimo
544 1536 868 1621 incipiam.
961 1536 1032 1602 L.
1073 1536 1257 1602 Sulla
1316 1537 1525 1603 filium
1581 1538 1824 1621 amisit,
1876 1554 1999 1603 nec
2054 1559 2129 1601 ea
2172 1558 2278 1601 res

221 1629 336 1690 aut
398 1626 713 1690 malitiam
781 1627 918 1691 eius
983 1630 1050 1691 et
1111 1626 1491 1691 acerrimam
1555 1627 1864 1692 virtutem
1928 1626 1997 1692 in
2054 1627 2281 1691 hostes

225 1714 524 1799 civesque
571 1715 870 1779 contudit
915 1717 1027 1779 aut
1074 1715 1312 1799 effecit,
1358 1719 1435 1779 ut
1479 1736 1841 1801 cognomen
1885 1715 2050 1780 illud
2092 1737 2282 1783 usur-

223 1825 411 1888 passe
456 1803 623 1869 falso
669 1802 1020 1888 videretur,
1068 1804 1244 1889 quod
1292 1804 1529 1870 amisso
1574 1804 1713 1870 filio
1762 1804 2125 1890 adsumpsit
2158 1826 2283 1869 nec

226 1893 376 1958 odia
436 1892 777 1958 hominum
840 1893 1109 1978 veritus,
1176 1915 1455 1979 quorum
1510 1895 1684 1959 malo
1739 1894 1889 1960 illae
1942 1895 2137 1959 nimis
2186 1916 2281 1958 se-

225 1981 472 2048 cundae
516 2003 618 2046 res
666 1982 1075 2066 constabant,
1130 2003 1251 2048 nec
1296 1982 1609 2048 invidiam
1646 1982 1949 2067 deorum,
2001 2005 2283 2068 quorum

225 2069 390 2136 illud
437 2072 681 2136 crimen
726 2075 888 2156 erat,
938 2068 1122 2136 Sulla
1165 2074 1301 2136 tam
1348 2072 1521 2136 felix.
1597 2071 1710 2137 sed
1756 2071 1931 2137 istud
1972 2072 2141 2138 inter
2176 2093 2285 2136 res

223 2160 515 2225 nondum
560 2159 874 2225 iudicatas
923 2161 1133 2243 abeat,
1191 2161 1402 2244 qualis
1451 2158 1634 2244 Sulla
1677 2160 1878 2226 fuerit
1932 2198 2024 2210 —-
2082 2161 2283 2226 etiam

225 2249 474 2314 inimici
536 2247 910 2314 fatebuntur
973 2250 1134 2314 bene
1195 2250 1382 2314 illum
1442 2272 1622 2315 arma
1680 2248 2059 2336 sumpsisse,
2117 2247 2286 2315 bene

226 2339 521 2423 posuisse
593 2360 708 2401 -ε
807 2336 936 2403 hoc
1012 2339 1090 2402 de
1179 2360 1309 2422 quo
1406 2339 1622 2424 agitur
1708 2339 2061 2422 constabit,
2144 2360 2287 2404 non

229 2447 368 2491 esse
453 2426 806 2502 maximum
879 2426 1138 2491 malum·
1201 2428 1374 2510 quod
1450 2428 1644 2492 etiam
1718 2427 1799 2492 ad
1871 2427 2285 2494 felicissimos

226 2516 538 2601 pervenit.

409 2707 444 2762 1
483 2706 782 2763 circumfer
809 2709 1086 2763 Erasmus
1122 2707 1299 2763 circui
1327 2710 1454 2765 AF
1484 2708 1661 2763 circui
1700 2751 1712 2762 .
1746 2751 1757 2762 .
1790 2751 1802 2764 .
1843 2709 2021 2764 oculis
2047 2711 2289 2779 Lipsius

230 2777 472 2834 circuice
512 2820 525 2835 .
557 2820 569 2833 .
602 2820 615 2834 .
654 2778 844 2834 oculos
883 2779 1110 2834 Fickert
1137 2779 1162 2903 i!
1195 2779 1233 2834 8
1267 2779 1482 2849 ubique
1510 2779 1595 2834 A²
1629 2780 1719 2834 u'ri
1758 2795 1868 2848 que
1897 2781 1982 2837 A²
2014 2787 2079 2836 ut
2112 2782 2225 2836 vid.

231 2850 428 2918 duces,
467 2852 763 2904 senserunt
789 2851 851 2905 F
879 2852 1019 2920 voly.
1059 2850 1136 2903 du
1161 2866 1253 2905 ces
1292 2851 1335 2920 (l
1360 2852 1591 2920 pwnctis
1620 2853 1835 2920 notata)
1874 2851 2153 2906 senserint
2179 2854 2237 2908 A
2280 2853 2291 2925 Ι

228 2920 267 2974 6
303 2921 613 2990 circuspiee
649 2923 706 2977 A
741 2920 771 3004 J!
823 2921 852 2976 ⁷
890 2923 1011 2975 tam
1049 2923 1177 2976 add.
1213 2923 1408 2977 Muret
1450 2921 1471 2995 ΙΙ
1520 2921 1589 2976 11
1626 2921 1888 2977 maliuoli
1924 2921 2199 2977 solacium

231 3008 366 3048 corr.
407 2992 575 3048 Gertz
619 2991 879 3046 mahuoli
915 2991 1110 3047 solatii
1144 2994 1234 3048 vol
1272 3037 1282 3046 .
1315 3009 1383 3047 ex
1419 3005 1454 3046 ς
1514 2993 1522 3065 Ι
1570 2992 1644 3047 16
1688 2992 1820 3046 silla
1856 2994 1913 3048 A
1950 2995 2099 3062 (item
2132 3011 2184 3049 v.
2216 2998 2291 3050 22

233 3063 379 3132 sylla
414 3065 508 3134 23)
550 3062 572 3148 {j
623 3063 691 3119 1¹2
737 3062 1022 3117 malitiam
1058 3066 1115 3119 A
1161 3010 1429 3118 militiam
1533 3064 1701 3133 &peius
1744 3063 2050 3119 maliflcam
2087 3066 2291 3121 melius

235 3134 400 3190 Gertz
432 3133 740 3189 mahfieam
769 3134 889 3189 eius
919 3150 987 3189 ac
1011 3135 1321 3190 terrificam
1347 3135 1612 3188 virtutem
1642 3135 1917 3191 Schultess
1950 3135 1971 3208 ΙΙ
2006 3134 2079 3191 18
2106 3135 2289 3190 efficit

233 3222 369 3262 corr.
387 3206 464 3260 in
491 3204 681 3261 effecit
707 3204 914 3328 A1-2'll
940 3204 1012 3260 19
1039 3205 1186 3260 falso
1216 3208 1412 3266 eret
1446 3205 1605 3260 saluo
1635 3206 1691 3261 A
1726 3204 1748 3278 ΙΙ
1781 3205 1855 3261 20
1879 3206 2031 3261 malo
2061 3205 2198 3262 illae
2226 3207 2295 3262 F

232 3281 298 3330 ut
341 3277 481 3331 coni.
524 3276 750 3332 Fickert
796 3291 892 3330 ma
915 3292 947 3330 e
993 3276 1093 3331 illo
1131 3276 1186 3331 A
1231 3276 1400 3331 malis
1446 3276 1601 3331 illins
1641 3278 1954 3332 Pincianus
1998 3285 2050 3332 et
2088 3279 2228 3349 volq.
2264 3277 2291 3352 ΙΙ

233 3345 304 3436 ξΙ
324 3345 684 3473 ¹⁵{masturba‘rit
715 3348 1028 3403 Pincianus
1065 3349 1330 3402 constant
1357 3348 1412 3403 A
1446 3347 1469 3420 11
1501 3346 1575 3402 26
1612 3347 1687 3402 ad
1724 3347 2082 3404 felicissimos
2110 3362 2145 3403 ς
2184 3349 2289 3403 ad-

261 3432 324 3470 ec
374 3433 570 3471 ssimos

2316 1024 2367 1063 10

2316 1468 2369 1510 15
