2544 3746
152 1029 201 1070 10

153 1473 204 1516 15

790 57 890 113 DE
927 55 1056 112 IRA
1093 56 1229 112 Lm.
1258 57 1303 112 1.
1369 52 1523 114 oAP.
1558 63 1642 115 ιο.
1674 65 1740 115 ιι
2204 61 2289 128 57

238 205 510 271 inertiae
555 204 744 288 iram,
791 204 1012 268 timori
1059 202 1528 289 cupiditatem}
1604 204 1777 288 apsit
1820 205 1946 270 hoc
1983 227 2022 268 a
2058 205 2295 270 virtute
2328 221 2363 271 2

239 295 510 379 malum,
583 299 660 359 ut
719 314 1029 378 umquam
1092 293 1258 358 ratio
1326 292 1407 358 ad
1470 294 1631 358 vitia
1694 294 2053 379 confugiat!
2161 315 2296 360 non

239 387 458 468 potest
513 384 624 450 hic
682 384 934 449 animus
993 382 1183 447 fidele
1243 383 1450 447 otium
1505 405 1758 468 capere,
1820 383 2146 468 quatiatur
2188 406 2297 449 ne·-

239 495 417 540 cesse
478 477 577 539 est
632 473 1134 556 fluctueturque,
1197 472 1311 555 qui
1356 472 1544 537 malis
1592 473 1724 538 suis
1771 477 1951 539 tutus
1999 477 2121 557 est,
2184 475 2295 558 qui

239 562 430 628 fortis
496 585 634 629 esse
690 562 820 628 nisi
884 562 1184 626 irascitur
1244 583 1382 626 non
1445 565 1686 646 potest,
1749 563 2106 628 industrius
2166 563 2295 628 nisi

239 653 448 737 cupit,
511 652 766 736 quietus
825 651 954 716 nisi
1011 651 1225 715 timet:
1286 651 1357 714 in
1408 651 1750 735 tyrannide
1804 652 1904 716 illi
1949 651 2295 716 vivendum

239 745 338 806 est
373 742 446 806 in
481 741 753 807 alicuius
807 741 1095 806 adfectus
1140 740 1426 805 venienti
1472 741 1861 805 servitutem.
1925 762 2061 805 non
2096 741 2298 826 pudet

237 831 512 896 virtutes
559 831 629 894 in
675 830 1039 896 clientelam
1084 830 1394 894 vitiorum
1451 829 1828 895 demittere?
1919 829 2146 895 deinde
2194 831 2295 895 de·
2332 847 2365 896 8

238 919 398 984 sinit
445 921 791 1004 quicquam
829 940 1020 1003 posse
1056 919 1249 1001 ratio,
1298 919 1355 984 si
1390 918 1557 983 nihil
1592 923 1810 1003 potest
1847 921 1984 985 sine
2021 919 2295 1004 adfectu,

238 1013 304 1073 et
349 1010 584 1093 incipit
628 1031 748 1093 par
792 1009 892 1073 illi
938 1008 1298 1091 similisque
1344 1030 1497 1074 esse.
1591 1008 1749 1110 quid
1796 1011 1965 1074 em‘m
2013 1010 2295 1093 interest,

238 1099 295 1162 si
344 1120 547 1182 aeque
593 1098 890 1163 adfectus
928 1098 1297 1163 inconsulta
1341 1120 1443 1163 res
1491 1101 1589 1163 est
1634 1099 1770 1164 sine
1815 1100 2065 1163 ratione
2103 1119 2296 1184 quam

237 1188 408 1253 ratio
471 1189 608 1253 sine
669 1187 926 1252 adfectu
985 1186 1331 1252 inefficax?
1422 1209 1541 1271 par
1598 1191 1947 1272 utrumque
2002 1192 2125 1271 est,
2182 1188 2296 1252 ubi

240 1299 380 1342 esse
427 1276 699 1341 alterum
745 1278 883 1341 sine
929 1276 1132 1341 altero
1177 1297 1312 1341 non
1358 1279 1588 1360 potest.
1657 1278 1801 1360 quis
1847 1280 2062 1341 autem
2110 1278 2298 1342 susti-

237 1369 392 1430 neat
451 1365 774 1431 adfectum
839 1387 1192 1450 exaequare
1255 1365 1538 1430 rationi?
1627 1364 1763 1430 ‘ita'
1826 1367 2040 1450 inquit
2095 1364 2297 1431 ‘utilis
2331 1381 2367 1430 4

241 1455 534 1521 adfectus
591 1458 712 1538 est,
768 1456 826 1520 si
879 1455 1171 1522 modicus
1238 1455 1376 1520 est?
1466 1456 1665 1520 immo
1726 1456 1783 1521 si
1839 1459 2072 1520 natura
2115 1455 2295 1520 utilis

242 1548 356 1610 est.
423 1544 540 1618 sed,
573 1545 629 1608 si
675 1545 996 1628 inpatiens
1040 1545 1299 1628 imperii
1343 1545 1741 1628 rationisque
1788 1548 1911 1628 est,
1955 1545 2083 1611 hoc
2118 1544 2298 1609 dum-

240 1637 424 1697 taxat
481 1633 922 1699 moderatione
983 1637 1437 1718 consequetur,
1489 1637 1564 1697 ut
1623 1655 1752 1718 quo
1814 1635 2027 1698 minor
2084 1634 2295 1717 fuerit,

241 1723 457 1788 minus
502 1727 759 1787 noceat:
806 1745 959 1809 ergo
1006 1722 1299 1788 modicus
1354 1723 1621 1788 affectus
1666 1723 1835 1788 nihil
1881 1723 2057 1787 aliud
2104 1745 2297 1807 quam

241 1813 506 1879 malum»
535 1812 860 1879 modicum
907 1817 1018 1879 est.

422 1901 532 1967 XI.
582 1900 732 1967 ‘Sed
796 1903 1099 1968 adversus
1171 1902 1416 1968 hostes’
1480 1903 1695 1987 inquit
1758 1903 2137 1969 ‘necessaria
2201 1906 2298 1968 est
2334 1918 2364 1968 1

238 1992 352 2055 ira.
358 1991 380 2019 '
444 2013 766 2076 nusquam
812 1994 1054 2057 minus·
1099 1993 1213 2056 ubi
1256 2013 1392 2056 non
1439 1992 1675 2057 effusos
1714 2014 1851 2057 esse
1889 1996 2146 2076 oportet
2182 1994 2295 2057 im

238 2083 431 2165 petus
492 2080 606 2146 sed
664 2084 1054 2166 temperatos
1111 2084 1177 2145 et
1231 2080 1659 2147 oboedientes.
1761 2081 1918 2165 quid
1974 2082 2144 2146 enim
2200 2085 2299 2146 est

238 2169 420 2235 aliud
459 2170 635 2253 quod
668 2170 974 2236 barbaros
1012 2173 1194 2235 tanto
1235 2171 1631 2237 robustiores
1670 2170 2075 2255 corporibuS,
2113 2173 2295 2236 tanto

237 2260 659 2344 patientiores
717 2259 1016 2325 laborum
1081 2261 1479 2325 comminuat
1534 2260 1664 2325 nisi
1723 2260 1819 2324 ira
1882 2260 2299 2327 infestissima

239 2348 411 2413 sibi?
502 2349 890 2434 gladiatores
939 2371 1196 2451 quoque
1242 2372 1346 2415 ars
1391 2353 1635 2433 tuetur,
1682 2350 1779 2413 ira
1824 2349 2118 2414 denudat.
2195 2350 2297 2414 de-
2331 2363 2365 2412 Β

105 2483 113 2491 -
238 2437 390 2502 inde
438 2437 596 2521 quid
638 2460 802 2522 opus
849 2442 948 2503 est
991 2440 1111 2522 ira,
1159 2459 1308 2503 cum
1351 2438 1523 2503 idem
1569 2438 1869 2523 proficiat
1912 2438 2124 2503 ratio?
2214 2460 2298 2504 an

238 2530 314 2591 tu
365 2529 556 2610 putas
601 2530 973 2591 venatorem
1018 2527 1209 2592 irasci
1253 2527 1453 2593 feris?
1516 2528 1699 2612 atqui
1745 2531 1809 2591 et
1840 2528 2155 2593 venientis
2194 2550 2297 2592 ex-

239 2616 405 2699 cipit
469 2618 534 2680 et
595 2615 904 2701 fugientis
964 2617 1403 2700 persequitur,
1463 2620 1528 2682 et
1587 2617 1805 2681 omnia
1857 2617 1973 2681 illa
2018 2618 2155 2682 sine
2202 2617 2299 2681 ira

237 2704 400 2769 facit
444 2704 628 2769 ratio.
723 2704 879 2790 quid
925 2702 1332 2770 Cimbrorum
1378 2704 1945 2789 Teutonorumque
1981 2709 2082 2770 tot
2116 2706 2299 2769 milia

241 2792 583 2876 superfusa
610 2790 892 2877 Alpibus
918 2794 1013 2859 ita
1049 2794 1339 2877 sustulit,
1384 2798 1460 2858 ut
1494 2797 1712 2859 tantae
1758 2794 1958 2859 cladis
1995 2795 2295 2859 notitiam

239 2880 324 2945 ad
385 2902 537 2947 suos
595 2903 730 2946 non
787 2882 1053 2950 nuntius
1114 2882 1226 2949 sed
1288 2882 1461 2947 fama
1505 2882 1869 2967 pertulerit,
1928 2883 2057 2949 nisi
2122 2883 2295 2968 quod

239 2972 381 3034 erat
425 2969 558 3035 illis
604 2971 700 3034 ira
744 2993 864 3055 pro
909 2970 1194 3036 virtute?
1285 2992 1447 3055 quae
1493 2975 1567 3035 ut
1612 2971 1958 3055 aliquando
2005 2972 2297 3056 propulit

423 3143 457 3198 1
510 3142 664 3199 absit
704 3143 790 3200 A⁸
845 3143 904 3213 (b
950 3161 1049 3207 ex.
1063 3161 1104 3214 p
1149 3147 1313 3214 corr.)
1366 3144 1388 3217 ΙΙ
1437 3144 1476 3200 8
1522 3161 1751 3215 capere,
1798 3145 2094 3214 quatiatur
2132 3146 2294 3201 Ger-tn

237 3232 302 3270 m
559 3217 619 3285 ·‚t
668 3216 807 3287 voly.
859 3231 1088 3286 capere.
1140 3216 1509 3289 quatiaturn
1561 3217 1634 3272 10
1680 3216 1882 3272 similis
1884 3233 1994 3286 que
2044 3233 2183 3273 con.
2226 3234 2294 3271 ex

241 3286 368 3342 sim
396 3302 570 3355 esque
605 3286 735 3354 fort
765 3287 850 3344 Α*
883 3287 905 3361 ΙΙ
927 3234 1021 3343 1ὲο
1056 3288 1246 3357 inquit
1271 3290 1329 3345 A
1367 3216 1637 3359 (suanir-aq
1671 3306 1781 3347 ras.
1770 3288 1853 3417 ‚Gfl
1884 3235 1966 3345 (ὲῖ
2006 3289 2293 3344 etuenien-

237 3359 316 3413 tis
344 3361 402 3416 A
431 3360 620 3431 (prior
645 3360 672 3414 t
698 3362 929 3429 pwnctis
960 3363 1194 3430 notata)
1229 3361 1251 3433 Η
1286 3360 1359 3416 28
1388 3362 1445 3416 et
1418 3360 1533 3415 tfu
1536 3361 1756 3432 gientes
1842 3369 1994 3418 mter
2020 3360 2196 3432 effugi
2199 3378 2293 3415 en-

237 3432 315 3486 tis
343 3434 399 3487 A
443 3432 452 3505 Ι
491 3432 877 3502 persequitur.
919 3433 1111 3488 omnia
1145 3431 1248 3487 illa
1286 3434 1407 3489 sine
1441 3433 1531 3489 ira
1566 3433 1723 3490 facit.
1773 3434 1913 3504 quid
1950 3432 2007 3489 C.
2046 3434 2295 3489 Karsten
