2544 3746
517 100 618 155 AD
645 96 999 155 ‚MAROIAM
1037 98 1135 153 DE
1175 96 1732 155 CONSOLATIONE
1772 97 1923 152 CAP.
1959 104 2023 152 19
2166 100 2294 166 179

247 251 404 313 sunt
457 248 535 311 de
587 246 777 311 nobis
832 248 1129 331 parentes
1184 244 1420 329 nostri,
1478 244 1592 329 qui
1648 266 1794 309 cum
1856 243 2299 311 condicionem

245 338 420 402 vitae
465 339 760 420 nossent,
803 335 874 400 in
916 334 1086 401 hanc
1129 355 1250 400 nos
1299 335 1715 400 sustulerunt.

428 424 601 490 XIX.
675 423 801 491 Sed
842 428 918 491 ut
963 425 1041 490 ad
1071 424 1312 490 solacia
1337 424 1613 508 veniam,
1657 422 1987 489 videamus
2017 423 2298 508 primum
2339 441 2365 491 1

247 516 424 601 quid.
479 515 833 580 curandum
907 515 1020 598 sit,
1101 513 1331 579 deinde
1405 513 1964 597 quemadmodum.
2084 517 2303 578 movet

179 626 208 667 5
243 607 579 691 lugentem
645 601 1031 669 desiderium
1098 603 1234 668 eius
1312 624 1503 686 quem
1571 603 1813 667 dilexit.
1923 603 1991 668 id
2053 624 2169 687 per
2232 623 2300 667 se

245 694 586 760 tolerabile
623 712 762 758 esse
800 696 1095 777 apparet3
1131 692 1416 757 absentis
1456 692 1627 757 enim
1656 691 2077 777 afuturosque
2089 741 2109 775 ,
2144 691 2299 757 dum

245 783 499 866 vivent,
541 803 678 847 non
722 781 977 865 flemus,
1027 782 1321 866 quamvis
1370 782 1579 846 omnis
1616 802 1772 846 usus
1810 781 1999 847 nobis
2034 782 2298 846 illorum

247 892 399 937 cum
461 874 727 956 aspectu
786 875 1045 956 ereptus
1101 871 1213 935 sit:
1281 870 1500 955 opinio
1558 875 1656 936 est
1712 892 1894 957 erg0,
1963 891 2125 954 quae
2181 891 2301 936 nos

247 961 523 1045 cruciat,
595 965 662 1027 et
734 962 900 1026 tanti
975 960 1277 1043 quodque
1340 962 1584 1027 malum
1650 964 1775 1043 est,
1849 961 2076 1044 quanti
2139 959 2300 1025 illud

152 1074 210 1113 ιο
245 1050 630 1115 taxavimus.
733 1050 801 1115 in
863 1054 1087 1116 nostra
1149 1052 1475 1133 potestate
1539 1049 1894 1115 remedium
1961 1050 2302 1115 habemus:

245 1140 608 1205 iudicemus
636 1138 784 1204 illos
814 1140 1037 1204 abesse
1067 1142 1133 1203 et
1157 1141 1414 1204 nosmet
1441 1139 1566 1224 ipsi
1590 1138 1912 1223 fallamus,
1940 1138 2301 1205 dimisimus

245 1228 432 1313 illos,
485 1228 685 1293 immo
743 1228 1151 1293 consecuturi
1205 1228 1674 1312 praemisimus.
1766 1231 1986 1294 movet
2030 1232 2097 1293 et
2140 1227 2303 1292 illud
2340 1244 2371 1293 2

243 1320 610 1409 lugentem:
658 1321 677 1352 ‘
691 1344 825 1388 non
869 1316 992 1387 erit
1030 1323 1142 1407 qui
1178 1344 1283 1387 me
1321 1321 1648 1405 defendat,
1698 1322 1811 1407 qui
1848 1344 1887 1387 a
1924 1325 2300 1407 contemptu

248 1412 574 1479 vindicet?
673 1416 749 1477 ut
803 1413 1067 1478 minime
1123 1410 1445 1497 probabili
1492 1411 1604 1477 sed
1650 1434 1802 1476 vero
1850 1412 2090 1477 solacio
2137 1416 2302 1493 utar,

148 1526 206 1566 1⁵
249 1502 319 1565 in
376 1502 636 1567 civitate
695 1506 918 1567 nostra
976 1502 1124 1586 plus
1184 1502 1430 1588 gratiae
1491 1502 1733 1566 orbitas
1796 1501 2047 1567 confert
2106 1522 2299 1585 quam

250 1590 466 1675 eripit,
474 1591 762 1675 adeoque
782 1594 1177 1656 senectutem
1199 1591 1678 1675 solitud0,quae
1690 1590 1943 1656 solebat
1955 1590 2303 1674 destruere,

250 1680 333 1745 ad
379 1681 738 1765 potentiam
787 1680 990 1765 ducit,
1040 1683 1117 1746 ut
1161 1680 1425 1764 quidam
1472 1679 1620 1745 odia
1664 1680 1949 1746 filiorum
1996 1680 2303 1745 simulent

251 1774 320 1835 et
364 1771 602 1835 liberos
649 1770 923 1853 eiurent,
981 1769 1324 1835 orbitatem
1372 1791 1569 1835 manu
1614 1770 1872 1836 faciant.
1964 1769 2097 1835 scio
2146 1768 2301 1853 quid
2340 1785 2371 1835 3

250 1860 455 1926 dicas:
517 1860 679 1925 ‘non
734 1863 1000 1925 movent
1052 1882 1155 1925 me
1210 1860 1598 1926 detrimenta.
1654 1881 1823 1944 mea3
1884 1860 2122 1925 etenim
2168 1880 2303 1925 non

144 1975 206 2016 20
251 1953 354 2014 est
426 1949 660 2035 dignus
733 1950 1002 2033 solaci0,
1078 1948 1190 2034 qui
1257 1949 1467 2014 filium
1532 1949 1659 2015 sibi
1722 1949 2070 2015 decessisse
2135 1948 2303 2015 sicut

250 2038 650 2123 mancipium
688 2040 959 2104 moleste
994 2039 1149 2123 fert,
1184 2039 1292 2104 cui
1329 2039 1674 2123 quicquam
1712 2039 1782 2104 in
1818 2038 1956 2104 filio
1984 2038 2301 2123 respicere

249 2131 508 2212 praeter
551 2127 768 2212 ipsum
814 2127 1042 2193 vacat?
1142 2127 1300 2211 quid
1344 2128 1547 2214 igitur
1590 2131 1682 2210 te,
1727 2126 1997 2210 Marcia,
2042 2125 2303 2192 movet?

250 2221 472 2282 utrum
513 2217 687 2301 quod
723 2217 898 2282 filius
935 2221 1087 2281 tuus
1126 2216 1425 2299 decessit,
1463 2238 1547 2282 an
1584 2217 1758 2300 quod
1795 2237 1929 2281 non
1958 2216 2069 2280 diu
2097 2215 2304 2280 vixit?

251 2307 311 2371 si
358 2306 532 2391 quod
579 2305 880 2390 decessit,
926 2327 1180 2390 semper
1224 2306 1505 2371 debuisti
1551 2305 1795 2389 dolere;
1832 2327 2085 2390 semper
2129 2305 2299 2370 enim

143 2420 206 2462 25
253 2394 436 2460 scisti
482 2393 884 2460 moriturum.
961 2395 1176 2482 cogita
1210 2395 1409 2459 nullis
1448 2394 1825 2461 defunctum
1867 2395 2055 2460 malis
2094 2393 2303 2478 adfici,
2338 2409 2373 2458 4

436 2553 467 2607 1
509 2569 636 2605 cum
664 2553 726 2606 F
755 2552 892 2622 volq.
931 2555 1068 2606 tunc
1095 2553 1152 2606 A
1195 2551 1216 2624 ΙΙ
1260 2551 1297 2606 2
1332 2552 1393 2606 in
1422 2553 1485 2607 F
1512 2552 1601 2608 vol
1638 2595 1649 2606 .
1690 2568 1767 2606 an
1792 2553 1880 2618 A,·
1914 2559 2125 2607 servato
2164 2554 2302 2606 tunc

252 2624 528 2679 Schultess
565 2639 639 2677 an
675 2624 824 2677 hanc
859 2625 924 2677 in
958 2625 1266 2692 antequam
1303 2630 1483 2679 mutat
1586 2569 1949 2678 {videamus
1988 2624 2303 2678 Pincianus

251 2695 505 2748 uideatis
531 2696 588 2749 A
625 2694 824 2749 uideas
861 2702 963 2750 aut
1001 2694 1224 2750 uidebis
1253 2708 1289 2749 ς
1322 2695 1452 2750 vide
1490 2711 1525 2749 a.
1600 2695 1691 2749 his
1727 2695 2001 2751 Schultess
2048 2694 2070 2766 ΙΙ
2119 2693 2156 2748 6
2203 2709 2302 2763 ap—

250 2767 422 2835 paret
449 2767 512 2820 F
537 2773 604 2822 ut
636 2768 774 2837 voly.
816 2769 1095 2836 appareat
1119 2767 1177 2823 A
1217 2767 1226 2840 Ι
1267 2766 1636 2836 afuturosque
1664 2764 1839 2836 (abf-)
1867 2767 2137 2822 Pinciani
2174 2766 2299 2822 ‘vet

252 2838 441 2894 lectio’
484 2836 816 2907 futurosque
854 2839 909 2893 A
957 2838 979 2910 ΙΙ
1027 2837 1062 2893 8
1104 2855 1232 2892 cum
1271 2840 1505 2908 aspectu
1547 2837 1819 2894 Schultess
1874 2841 2207 2908 conspectus
2244 2840 2302 2893 A

253 2926 381 2964 cum
437 2913 741 2978 conspectu
788 2911 983 2965 Haase
1033 2910 1056 2982 ΙΙ
1107 2910 1144 2966 9
1187 2909 1351 2964 illum
1391 2911 1715 2964 taxauimus
1752 2909 1836 2965 A²
1878 2908 2202 2966 taxabimus
2239 2912 2303 2965 iu

250 2997 429 3051 mai-9.
458 2980 573 3048 A⁸;
608 2987 818 3037 mutato
853 2982 1048 3037 ordine
1081 2983 1367 3038 verborum
1402 2983 1775 3038 hexametrum
1807 2982 1981 3049 effici:
2016 2981 2167 3035 tanti
2196 3022 2209 3035 .
2242 3023 2255 3036 .
2287 3024 2299 3036 .

250 3052 574 3106 taxavimus
625 3051 770 3106 illud
819 3053 964 3109 vidit
998 3053 1182 3121 Ellis;
1228 3053 1332 3122 cfr.
1370 3055 1447 3107 ad
1490 3053 1626 3108 dial.
1664 3054 1767 3109 IV
1790 3057 1881 3120 35,
1904 3057 1939 3108 3
1987 3052 2009 3124 Η
2057 3051 2128 3106 14
2171 3069 2301 3122 pro-

251 3122 450 3178 babile
491 3125 546 3180 A
595 3123 618 3196 ΙΙ
664 3123 737 3179 16
782 3123 1058 3179 distruere
1099 3128 1155 3180 A
1203 3124 1224 3196 ΙΙ
1272 3124 1345 3179 18
1381 3124 1601 3179 eiurent
1632 3125 1836 3180 Gruter
1872 3125 2100 3179 seruent
2125 3124 2254 3179 AF
2287 3124 2296 3196 Ι

251 3198 314 3251 et
351 3201 481 3251 ante
517 3194 634 3250 orb.
664 3196 792 3251 add.
823 3195 988 3266 A²(?)
1017 3196 1038 3267 Η
1072 3195 1142 3250 21
1171 3197 1450 3264 respicere
1480 3197 1530 3251 si
1554 3198 1745 3266 preter
1770 3197 1827 3250 A
1864 3196 1937 3266 (si
1962 3197 2027 3251 in
2052 3197 2116 3252 F
2136 3195 2299 3266 deest)

251 3283 402 3336 resp.
435 3267 522 3321 sui
552 3285 635 3336 pr.
666 3267 938 3323 Schultess
973 3269 1000 3393 '1AE
1027 3267 1100 3322 25
1136 3269 1471 3322 moriturum
1499 3281 1533 3322 ς
1568 3269 1713 3323 mori
1740 3270 1796 3322 A
1807 3289 1828 3335 ;
1856 3275 2081 3337 praeter
2116 3269 2299 3322 termi-

249 3340 538 3395 nationem
572 3339 722 3396 verbi
749 3342 978 3409 particu
1001 3356 1092 3394 am
1128 3341 1377 3409 aliquam
1411 3340 1667 3395 haustam
1694 3355 1803 3395 esse
1831 3340 1995 3396 verba
2019 3341 2301 3408 sequentia

251 3412 628 3466 adnectentem
681 3427 804 3465 cum
857 3411 966 3465 sibi
1010 3415 1389 3479 persuaserint
1441 3429 1522 3466 vv.
1566 3411 1678 3478 dd„
1728 3427 1903 3478 nunc,
1955 3412 2041 3476 at,
2090 3410 2299 3480 potius,

253 3481 463 3538 deinde
501 3482 732 3538 addunt.
771 3482 838 3537 de
872 3483 1162 3552 particula
1196 3482 1389 3540 dubito
1434 3483 1555 3552 (cfr.
1586 3499 1705 3552 cap.
1733 3486 1825 3550 20,
1845 3485 1927 3554 4),
1963 3483 2140 3553 plura
2173 3497 2301 3537 vero

1762 3594 1827 3643 12
1840 3590 1867 3619 *
