2544 3746
139 1070 192 1109 10

139 1514 190 1555 15

138 2405 192 2446 25

498 102 599 157 An
637 73 977 158 MARCL‘AM
1014 101 1113 156 DE
1151 99 1709 157 cousoLATmNE
1746 100 2000 157 CAP.10
2140 105 2268 171 163

227 250 578 335 spiciamus
637 251 969 331 tanquam
1029 246 1197 312 inter
1252 251 1479 312 nostra
1534 246 1758 332 positi:
1817 251 2042 313 mutua
2096 268 2269 314 acce-

226 340 460 423 pimus.
552 358 707 402 usus
761 336 1139 420 fructusque
1181 340 1403 401 noster
1448 340 1570 419 est,
1626 335 1810 401 cuius
1855 343 2112 421 tempus
2157 337 2269 403 ille

228 428 469 493 arbiter
513 425 795 491 muneris
841 424 944 491 sui
988 428 1333 509 temperat3
1376 446 1497 490 nos
1545 428 1803 509 oportet
1846 426 1917 489 in
1960 429 2269 510 promptu

226 516 468 582 habere
518 536 680 599 quae
733 514 911 599 <in>
966 514 1285 579 incertum
1332 514 1502 580 diem
1549 513 1701 580 data
1745 518 1898 580 sunt
1941 517 2008 579 et
2051 516 2269 599 appel-

225 607 396 671 latos
444 604 582 670 sine
627 605 914 689 querella
955 603 1244 669 reddere:
1289 604 1555 687 pessimi
1592 602 1899 669 debitoris
1938 607 2036 670 est
2071 604 2269 670 credi·

226 694 358 759 tori
417 694 627 760 facere
685 692 1067 759 convicium.
1170 714 1391 758 omnes
1452 714 1607 780 ergo
1662 697 1947 775 nostros,
1994 697 2059 758 et
2104 714 2268 777 quos
2308 711 2341 760 3

227 784 606 868 superstites
663 783 809 869 lege
865 781 1169 848 nascendi
1229 786 1527 866 optamus
1576 785 1640 847 et
1686 802 1849 867 quos
1894 782 2271 868 praeoedere

227 873 655 939 iustissimum
712 872 1003 956 ipsorum
1061 874 1289 936 votum
1347 875 1470 955 est,
1530 871 1623 937 sic
1682 892 1895 937 amare
1948 870 2272 956 debemus,

225 966 560 1046 tamquam
618 960 785 1026 nihil
840 960 1028 1026 nobis
1089 960 1169 1026 de
1222 961 1679 1045 perpetuitate,
1734 960 1935 1026 immo
1978 960 2147 1026 nihil
2193 958 2271 1025 de

227 1051 652 1117 diuturnitate
696 1070 920 1115 eorum
964 1050 1358 1135 promissum
1405 1050 1507 1116 sit.
1598 1070 1787 1133 saepe
1830 1049 2271 1115 admonendus

227 1144 328 1205 est
385 1140 667 1222 animus,
723 1143 897 1204 amet
964 1143 1039 1205 ut
1099 1160 1454 1222 recessura,
1515 1140 1715 1203 immo
1778 1142 2112 1223 tamquam
2175 1161 2270 1203 re·

227 1229 544 1295 cedentia:
628 1227 938 1314 quicquid
1000 1251 1041 1294 a
1100 1228 1365 1294 fortuna
1436 1227 1658 1293 datum
1731 1232 1857 1312 est,
1937 1232 2269 1313 tamquam

228 1320 530 1404 exempto
593 1322 856 1383 auctore
918 1316 1267 1402 possideas,
1364 1318 1571 1401 rapite
1631 1339 1709 1382 ex
1766 1317 1989 1383 liberis
2044 1318 2270 1402 volup·
2306 1337 2341 1383 4

227 1411 423 1491 tates,
473 1406 780 1473 fruendos
826 1428 942 1473 vos
989 1407 1058 1471 in
1100 1407 1310 1473 vicem
1356 1407 1579 1472 liberis
1626 1406 1773 1472 date
1818 1411 1886 1472 et
1930 1407 2066 1472 sine
2113 1407 2270 1473 dila·

225 1497 407 1561 tione
453 1517 643 1561 omne
689 1496 998 1583 gaudium
1041 1496 1325 1580 haurit03
1380 1494 1550 1561 nihil
1594 1495 1673 1560 de
1717 1495 2028 1560 hodierna
2079 1499 2270 1561 nocte

226 1585 634 1670 promittitur
687 1622 773 1633 —-
826 1584 1020 1651 nimis
1076 1606 1379 1671 magnam
1434 1583 1921 1666 advocationem
1972 1584 2119 1650 dedi
2162 1620 2271 1669 —,

225 1673 396 1741 nihil
441 1674 519 1740 de
563 1672 687 1741 hac
730 1673 906 1740 hora
997 1673 1435 1741 festinandum
1482 1677 1607 1758 est,
1652 1674 1930 1739 instatur
1974 1695 2013 1738 a
2056 1677 2271 1759 tergo:

227 1764 360 1829 iam
425 1761 753 1829 disicietur
814 1763 936 1829 iste
1005 1763 1378 1847 comitatus,
1451 1763 1581 1828 iam
1655 1764 2075 1830 contubernia
2146 1764 2273 1828 ista

229 1852 484 1919 sublato
532 1853 812 1920 clamore
859 1852 1204 1919 solventur.
1278 1852 1506 1938 rapina
1550 1875 1765 1919 rerum
1812 1852 2101 1919 omnium
2148 1856 2271 1919 est:

227 1942 450 2008 miseri
494 1943 756 2009 nescitis
802 1943 873 2008 in
915 1942 1074 2030 fuga
1117 1943 1361 2008 vivere!

412 2029 484 2098 Si
530 2035 857 2098 mortuum
911 2032 1034 2098 tibi
1085 2031 1298 2096 filium
1344 2030 1550 2116 doles,
1596 2031 1733 2098 eius
1779 2031 2091 2115 temporis
2138 2052 2267 2115 quo
2308 2049 2343 2096 5

226 2124 421 2186 natus
482 2125 580 2186 est
638 2121 883 2187 crimen
941 2124 1066 2204 est3
1125 2141 1299 2186 mors
1359 2121 1531 2185 enim
1587 2120 1687 2186 illi
1741 2119 2117 2186 denuntiata
2159 2142 2270 2185 na·

229 2210 436 2276 scenti
481 2214 605 2294 est3
649 2211 728 2276 in-
763 2210 932 2276 hanc
975 2210 1186 2296 legem
1231 2215 1367 2276 erat
1410 2213 1615 2293 satus,
1659 2210 1786 2276 hoc
1829 2209 2016 2274 illum
2061 2208 2269 2278 fatum

229 2299 310 2365 ab
358 2303 542 2364 utero
589 2299 809 2364 statim
855 2299 1376 2384 prosequebatur.
1450 2300 1521 2363 in
1564 2319 1837 2385 regnum
1873 2298 2171 2363 fortunae
2208 2302 2273 2362 et
2308 2315 2344 2364 6

230 2388 492 2474 quidem
540 2388 773 2454 durum
817 2391 1012 2474 atque
1057 2388 1373 2454 invictum
1416 2387 1853 2471 pervenimus,
1894 2386 2070 2452 illius
2107 2387 2271 2452 arbi-

411 2545 444 2600 1
488 2546 665 2615 positi
700 2547 757 2600 A
800 2545 1015 2614 positos
1051 2546 1114 2601 F
1155 2545 1178 2618 ΙῙ
1223 2544 1260 2599 4
1304 2559 1452 2614 quae
1496 2545 1557 2598 in
1601 2545 1879 2599 incertum
1916 2544 1980 2599 F
2010 2549 2061 2599 et
2096 2544 2203 2598 alii
2237 2557 2273 2598 ς

229 2633 380 2686 quae
413 2617 691 2671 incertum
719 2619 776 2673 A
810 2617 832 2690 11
865 2616 904 2670 6
937 2634 1078 2686 quos
1113 2616 1446 2699 superstites
1472 2629 1509 2671 ς
1543 2616 1695 2685 quod
1732 2632 1783 2670 s·
1811 2616 1867 2671 A
1902 2615 1995 2687 {1‘8
2029 2614 2272 2670 iustissi-

227 2701 386 2742 mum
413 2689 662 2757 ipsorum
689 2691 889 2743 uotum
916 2700 952 2743 ς’
986 2688 1328 2743 iustissimus
1355 2687 1607 2758 ipsorum
1634 2686 1853 2743 uoltum
1880 2688 1938 2742 A
1966 2686 1989 2759 ΙΙ
2018 2685 2088 2741 11
2118 2689 2276 2742 amet

228 2762 300 2816 ut
345 2775 634 2814 recessura
669 2772 704 2814 s·
759 2761 950 2814 ametu
1002 2759 1101 2815 ire.
1158 2773 1385 2814 cessura
1421 2760 1478 2814 A
1528 2756 1551 2831 Η
1612 2757 1684 2812 18
1729 2760 1990 2828 exempto
2041 2759 2273 2812 auctore

233 2831 472 2902 Madviy
524 2830 841 2901 exemplum
893 2833 1122 2886 auctore
1157 2833 1215 2887 A
1269 2829 1589 2900 exemplum
1635 2829 1708 2884 ab
1756 2831 1986 2885 auctore
2025 2830 2087 2884 F
2126 2830 2274 2898 quod

230 2903 504 2959 Schultess
539 2904 605 2958 in
637 2903 785 2968 hune
819 2902 1040 2958 nandum
1075 2903 1341 2972 amplicat.-
1378 2902 1605 2958 ‘libmm
1632 2903 1729 2972 qui
1754 2903 1910 2970 emit,
1935 2901 2184 2972 possidet
2207 2903 2271 2956 in

227 2979 583 3043 perpetuum,-
635 2974 728 3029 eui
775 2973 846 3028 ab
895 2979 1117 3030 auctore
1165 2973 1469 3042 exemplam
1518 2972 1911 3029 commodatum
1966 2978 2071 3040 est,
2119 2972 2272 3028 debet

229 3043 377 3114 quod
419 3049 705 3100 mutuam
749 3049 852 3112 ost,
895 3044 1330 3114 quandocunque
1364 3044 1453 3099 ius·
1489 3043 1701 3112 libebit,
1742 3043 2001 3100 reddere?
2073 3058 2270 3113 exeep-

227 3117 355 3170 tum
393 3115 612 3172 auctori
651 3114 872 3172 Gronov
918 3115 1240 3186 exemptum
1286 3113 1505 3173 auctori
1542 3114 1829 3171 Klammer
1874 3113 1897 3189 n
1944 3112 2017 3172 14
2058 3129 2161 3171 uos
2201 3131 2273 3171 ex

229 3201 362 3242 suos
406 3200 546 3243 corr.
581 3184 693 3243 vid.
731 3187 796 3241 in
830 3187 886 3242 A
933 3185 955 3259 ΙΙ
1001 3184 1076 3242 16
1119 3185 1553 3243 aduocationem
1593 3186 1651 3242 A
1700 3190 1849 3257 (nem
1890 3201 1932 3242 s.
1960 3203 2009 3243 υ.
2038 3185 2168 3243 add.
2196 3203 2266 3242 m.

230 3259 402 3328 1—2)
438 3255 461 3328 ΙΙ
494 3254 566 3312 18
599 3255 717 3312 iam
754 3255 1049 3313 disicietur
1075 3271 1109 3317 e
1143 3257 1264 3312 tam
1303 3256 1417 3313 dis-
1443 3258 1501 3314 A
1548 3257 1556 3330 1
1590 3255 1663 3312 20
1687 3257 1879 3323 miseri
1903 3260 1961 3314 A
1996 3257 2189 3314 miseri
2219 3256 2271 3312 si

227 3327 576 3386 Cornelissen
629 3326 638 3401 Ι
691 3328 754 3384 in
787 3329 854 3384 in
884 3329 1007 3399 ipso
1041 3344 1202 3385 versu
1236 3329 1368 3386 add.
1397 3326 1531 3401 A’!
1592 3326 1662 3384 21
1698 3330 1886 3385 mortu
1910 3327 1997 3386 Δ*
2031 3344 2168 3385 corr.
2196 3344 2267 3383 m.

229 3405 332 3456 1-
303 3401 397 3527 ὦ
415 3395 545 3528 {oe
581 3400 846 3543 ο<ισοηῢ>
884 3397 1040 3456 satus
1076 3398 1349 3458 Schultess
1385 3398 1552 3456 datu·
1578 3398 1637 3456 A
1671 3401 1840 3456 natus
1876 3405 1979 3458 aut
2012 3398 2199 3458 editus
2236 3410 2271 3454 s

226 3485 304 3527 na
557 3485 590 3528 v
683 3514 694 3526 .

1736 3578 1839 3635 11·
