2544 3746
335 70 462 137 132
737 65 796 119 L.
827 62 1111 119 ANNAEI
1147 62 1477 119 SENECAE
1515 63 1703 155 DIAL,
1734 62 1867 117 LIB.
1897 61 1963 117 V.

332 212 447 297 qui
484 212 659 296 ipsos
697 210 766 275 in
801 209 964 274 illud
1008 210 1131 275 iter
1167 213 1230 275 et
1267 209 1705 275 inextricabile
1736 210 1947 274 lutum
1984 207 2365 291 deduxisset,

334 300 602 367 accessit
647 298 728 363 ad
764 321 903 383 eos,
937 299 1051 383 qui
1096 320 1393 364 maxume
1436 298 1842 382 laborabant,
1886 302 1949 361 et
1994 318 2142 362 cum
2188 297 2365 381 igno-

334 390 535 454 rantis
595 411 634 453 a
689 410 817 472 quo
873 388 1326 453 adiuvarentur
1383 386 1820 471 explicuisset:
1886 384 2103 451 ‘nunc'
2158 383 2367 469 inquit

275 522 279 525 -
335 478 526 543 ‘male
567 476 764 543 dicite
809 474 1171 563 AntigonO,
1225 476 1407 542 cuius
1451 476 1611 540 vitio
1667 477 1737 539 in
1780 476 1897 541 has
1943 474 2233 540 miserias
2276 474 2368 539 in·

335 566 610 651 cidistis3
667 567 727 631 ei
783 571 996 632 autem
1055 566 1215 633 bene
1272 569 1519 650 optate,
1581 565 1693 649 qui
1737 586 1854 632 vos
1900 587 1981 631 ex
2022 564 2145 631 hac
2190 584 2368 629 vora·
2428 582 2455 624 ε

540 745 1238 828 :a
1281 654 1467 809 a:
1519 654 1747 827 :22:20
2103 674 2367 826 2:212:

338 835 618 919 quodam
664 834 927 899 castello
959 829 1182 898 Graeci
1211 832 1653 899 obsiderentur
1688 837 1752 897 et
1788 832 2025 897 fiducia
2065 832 2199 897 loci
2226 852 2371 897 con·

334 927 690 989 temnentes
740 923 994 988 hostem
1039 923 1246 986 multa
1289 923 1359 986 in
1404 922 1874 987 deformitatem
1920 918 2240 1007 Antigoni
2281 920 2371 985 io-

337 1017 634 1080 carentur
669 1015 734 1076 et
767 1033 940 1077 nunc
977 1014 1289 1079 staturam
1324 1012 1665 1095 humilem,
1698 1032 1871 1076 nunc
1908 1010 2231 1077 conlisum
2265 1031 2373 1075 na-
2408 1031 2459 1071 10

338 1124 482 1168 sum
529 1101 921 1166 deriderent:
947 1099 1254 1187 ,‘gaudeo'
1295 1099 1507 1185 inquit
1542 1100 1632 1166 ‘et
1676 1099 1920 1185 aliquid
1964 1099 2121 1164 boni
2168 1120 2375 1183 spero,

265 1210 300 1259 5
339 1192 396 1257 si
439 1191 510 1257 in
557 1190 781 1255 castris
837 1188 996 1256 meis
1053 1187 1343 1255 Silenum
1397 1188 1646 1255 habeo?
1736 1210 1882 1255 cum
1941 1189 2061 1253 hos
2126 1187 2373 1257 dicaces

337 1281 506 1345 fame
563 1278 944 1365 domuisset,
996 1279 1202 1363 captis
1257 1278 1353 1344 sic
1396 1301 1551 1345 usus
1598 1283 1723 1362 est,
1775 1282 1849 1343 ut
1894 1299 2003 1344 eos
2049 1277 2165 1361 qui
2210 1276 2377 1342 mili-

337 1371 464 1435 tiae
501 1369 692 1434 utiles
729 1372 912 1434 erant
936 1369 1007 1434 in
1043 1368 1339 1435 cohortes
1368 1367 1767 1452 discriberet,
1803 1371 2046 1434 ceteros
2073 1365 2377 1451 praeconi

341 1458 684 1541 subiceret,
741 1458 934 1543 idque
995 1480 1062 1524 se
1123 1458 1387 1543 negavit
1439 1457 1760 1523 facturum
1814 1458 2038 1540 fuisse,
2090 1456 2220 1522 nisi
2274 1477 2377 1520 ex·
2416 1478 2465 1519 ιε

337 1546 587 1631 pediret
631 1547 686 1611 is
735 1546 1067 1612 dominum
1116 1547 1349 1613 habere
1363 1596 1380 1630 ,
1442 1548 1553 1632 qui
1605 1549 1741 1611 tam
1789 1548 2023 1612 malam
2070 1545 2379 1611 haberent

336 1637 433 1701 lin
525 1658 650 1703 am.

269 1744 298 1791 1
433 1658 752 1790 guXXIII.
826 1724 1038 1790 Huius
1083 1746 1284 1809 nepos
1331 1724 1459 1791 fuit
1493 1722 1884 1807 Alexander,
1928 1723 2043 1808 qui
2085 1724 2381 1789 lanceam

339 1816 409 1880 in
472 1814 776 1881 convivas
841 1835 990 1881 suos
1054 1813 1427 1899 torquebat,
1499 1814 1611 1898 qui
1673 1835 1753 1879 ex
1816 1812 2067 1879 duobus
2134 1812 2383 1896 amicis,

341 1925 504 1989 quos
548 1905 746 1987 paulo
793 1907 939 1969 ante
984 1903 1236 1986 rettuli,
1282 1903 1554 1968 alterum
1590 1904 1761 1969 ferae
1807 1902 2069 1986 obiecit,
2105 1901 2384 1967 alterum
2420 1923 2474 1964 πο

341 1993 480 2058 sibi.
555 2015 635 2056 ex
668 1993 770 2060 his
817 1992 1065 2058 duobus
1111 1995 1329 2057 tamen
1376 1992 1485 2077 qui
1520 1993 1696 2058 leoni
1740 1992 2027 2059 obiectus
2065 1994 2163 2058 est
2200 1991 2384 2056 vixit.

266 2100 301 2150 2
339 2103 472 2146 non
516 2081 744 2147 habuit
787 2083 914 2147 hoc
968 2083 1212 2146 avitum
1258 2081 1370 2146 ille
1414 2081 1673 2166 vitium,
1727 2104 1808 2148 ne
1852 2085 2197 2166 paternum
2243 2080 2387 2166 qui-

340 2171 513 2256 dem3
557 2193 708 2236 nam
756 2169 811 2237 si
857 2192 985 2255 qua
1031 2171 1157 2236 alia
1201 2171 1270 2235 in
1308 2169 1613 2255 Philippo
1659 2171 1891 2254 virtus,
1947 2170 2075 2236 fuit
2118 2173 2185 2236 et
2231 2190 2388 2235 con-

338 2260 750 2325 tumeliarum
787 2260 1130 2344 patientia,
1173 2261 1400 2346 ingens
1437 2260 1935 2324 instrumentum
1981 2259 2063 2324 ad
2088 2258 2387 2324 tutelam

313 2350 539 2437 'regni
632 2349 1064 2414 Demochares
1111 2349 1192 2414 ad
1237 2349 1424 2413 illum
1471 2346 1935 2414 Parrhesiastes
1982 2348 2065 2413 ob
2110 2347 2389 2412 nimiam
2424 2368 2477 2410 ιε

340 2442 405 2503 et
431 2459 768 2525 procacem
795 2437 1086 2525 linguam
1114 2438 1475 2523 appellatus
1502 2438 1672 2503 inter
1707 2437 1867 2503 alios
1887 2434 2389 2503 Atheniensium

338 2528 588 2614 legatos
642 2531 918 2593 venerat.
1010 2526 1230 2592 audita
1290 2528 1565 2614 benigne
1622 2527 1945 2614 legatione
2010 2524 2391 2611 Philippus:

339 2616 581 2682 ‘dicite'
644 2617 858 2700 inquit·
919 2616 1131 2700 ‘mihi,
1209 2616 1419 2682 facere
1493 2617 1648 2702 quid
1710 2617 1984 2700 possim,
2057 2616 2234 2700 quod
2301 2614 2392 2681 sit

341 2702 842 2772 Atheniensibus
881 2705 1179 2793 gratum?
1243 2705 1497 2791 excepit
1532 2705 1963 2772 Demochares
2002 2708 2092 2770 et:
2140 2703 2251 2768 ‘te’
2290 2704 2391 2768 in-

271 2812 302 2861 3
343 2795 487 2879 quit
541 2793 988 2880 ‘suspendere’
1085 2793 1445 2881 indignatio
1505 2795 2058 2862 circumstantium
2118 2791 2203 2858 ad
2248 2797 2393 2858 tam
2432 2815 2483 2855 ω

520 3005 558 3060 8
594 3005 954 3076 explicuitset
989 3007 1073 3062 Α)
1106 3024 1246 3063 corr.
1279 3007 1364 3062 A⁶
1398 3012 1445 3077 ?)
1506 3007 1514 3080 Ι
1560 3007 1599 3062 6
1642 3010 1762 3062 tam
1798 3005 1925 3060 miti
1961 3018 1995 3060 ς
2033 3005 2249 3060 immiti
2277 3006 2339 3060 Δ.
2374 3004 2398 3076 Η

343 3076 380 3131 8
518 3077 572 3131 ci
606 3093 746 3134 corr.
773 3093 842 3133 ex
876 3079 1064 3150 grecie
1098 3079 1227 3146 fort.
1255 3079 1342 3134 ΑΙ
1376 3010 1400 3152 ᾗ
1442 3079 1475 3134 1
1550 3079 1700 3133 fame
1728 3077 1813 3133 ΔΙ
1847 3077 2027 3133 fames
2063 3094 2204 3134 corr.
2234 3093 2393 3132 man.

340 3163 506 3276 :2:0⁶
540 3148 897 3291 rpfftffl·
935 3166 1004 3205 ⁶2
1019 3147 1260 3276 fflir
1288 3149 1373 3206 Δ*
1405 3149 1427 3223 ¹¹
1466 3147 1907 3276 “ambert
1940 3146 2401 3274 mffioeffi

341 3304 484 3344 corr.
511 3290 577 3345 in
611 3235 1024 3358 expedireiltixeis
1058 3236 1224 3362 Ani)
1267 3237 1501 3362 Ιῐῃίοδᾳὲῗ
1526 3291 1597 3347 25
1628 3237 1841 3348 ἲεῗεαέα
1863 3220 2101 3362 &aaa
2136 3236 2295 3345 meet
2330 3291 2403 3344 in

344 3359 580 3443 &feton-iq
620 3359 643 3432 ΙΙ
688 3359 757 3415 21
793 3362 958 3416 verba
993 3377 1060 3416 ex
1095 3362 1184 3416 his
1222 3361 1441 3418 duobus
1473 3405 1485 3418 .
1516 3406 1529 3420 .
1560 3405 1573 3420 .
1602 3363 1745 3418 vixit
1778 3380 1915 3418 num
1949 3379 1987 3418 α
2022 3361 2147 3418 Seu.
2176 3362 2402 3432 scripta

346 3435 464 3484 emt
495 3436 808 3488 etcammmc
844 3432 1034 3489 dubito
1067 3432 1090 3506 ΙΙ
1123 3432 1196 3490 24
1231 3433 1535 3492 attatelam
1560 3433 1646 3490 A²
1671 3450 1811 3494 corr.
1842 3433 1925 3491 Α*
