2544 3746
297 86 426 152 130
694 82 754 137 L.
785 54 1070 137 ΑιιιιΑΕι
1105 80 1437 139 SENECAE
1472 81 1665 137 Dum.
1694 80 1829 137 ΜΒ.
1860 78 1927 137 v.

221 248 254 297 2
290 252 463 296 novo
509 251 738 315 genere
783 250 1026 315 poenae
1073 228 1425 301 delectatus
1481 232 1593 295 est.
1686 228 1815 294 tale
1869 227 2117 313 aliquid
2160 227 2322 313 passi

293 320 508 391 forent
543 323 611 385 et
643 316 1027 403 Aethiopes,
1071 318 1186 402 qui
1233 318 1315 383 ob
1350 316 1808 405 longissimum
1843 318 2015 383 vitae
2052 316 2323 401 spatium

292 408 658 479 Macrobioe
704 409 1136 491 appellantur;
1180 406 1250 471 in
1295 408 1417 473 hos
1462 408 1665 491 enim,
1710 406 1863 492 quia
1905 428 2041 473 non
2086 406 2325 492 supinis

293 498 589 564 manibus
627 501 1010 582 exceperant
1052 496 1428 564 servitutem
1473 498 1815 581 missisque
1858 497 2091 583 legatis
2134 495 2329 561 libera

243 652 248 655 ,
291 609 601 673 responsa
659 586 990 670 dederant,
1067 608 1230 671 quae
1294 587 1763 653 contumeliosa
1837 606 2019 673 reges
2083 588 2330 669 vocant,
2385 604 2413 645 s
2533 584 2534 603 1

195 716 203 724 ·
293 676 642 761 Cambyses
686 676 1002 742 fremebat
1045 680 1112 742 et
1151 698 1288 741 non
1305 675 1609 779 provisis
1656 674 2148 759 commeatibus,
2202 696 2331 741 non
2532 610 2534 731 1

295 766 644 851 exploratis
703 766 1040 841 itineribus
1053 814 1073 849 ,
1125 787 1245 851 per
1299 766 1503 849 invia,
1564 787 1683 869 per
1740 764 1986 832 arentia
2042 764 2331 830 trahebat

295 877 550 922 omnem
605 855 776 922 bello
824 856 1049 921 utilem
1113 855 1387 920 turbam.
1481 854 1588 921 cui
1644 854 1817 921 intra
1873 852 2155 941 primum
2214 854 2332 919 iter

295 946 558 1011 deerant
589 946 976 1028 necessaria,
1018 965 1138 1011 nec
1185 945 1533 1029 quicquam
1580 943 2113 1011 subministrabat
2158 943 2333 1009 steri-

225 1052 257 1101 3
292 1034 376 1099 lis
413 1038 480 1101 et
514 1035 761 1101 inculta
795 1034 1207 1119 humanoque
1242 1034 1470 1120 ignota
1504 1034 1779 1121 vestigio
1816 1033 2027 1120 regio:
2067 1032 2335 1100 sustine-
2368 1052 2423 1095 ιο

293 1124 454 1189 bant
486 1124 724 1189 famem
760 1123 973 1210 primo
1007 1124 1358 1189 tenerrima
1392 1123 1721 1189 frondium
1756 1125 1825 1190 et
1869 1121 2205 1189 cacumina
2241 1142 2336 1187 ar-

295 1212 557 1298 borum,
613 1217 754 1280 tum
801 1213 978 1279 coria
1021 1214 1172 1300 igne
1217 1213 1475 1279 mollita
1520 1216 1587 1278 et
1632 1211 1948 1299 quidquid
1990 1213 2336 1279 necessitas

295 1304 512 1369 cibum
548 1303 815 1388 fecerat;
862 1306 1210 1387 postquam
1257 1303 1427 1367 inter
1470 1303 1742 1368 harenas
1788 1301 2035 1369 radices
2082 1322 2338 1387 quoque

296 1396 363 1457 et
418 1391 653 1458 herbae
713 1392 1078 1458 defecerant
1135 1393 1563 1478 apparuitque
1622 1392 1811 1477 inops
1858 1392 2055 1457 etiam
2101 1390 2341 1457 anima·-

293 1478 458 1547 lium
525 1481 840 1565 solitudo,
910 1482 1234 1547 decimum
1295 1501 1615 1566 quemque
1681 1480 1895 1546 sortiti
1959 1481 2340 1547 alimentum
2375 1496 2430 1541 ιε
2533 1484 2534 1507 ³

225 1589 259 1638 4
295 1570 662 1637 habuerunt
692 1570 864 1636 fame
901 1571 1169 1637 saevius.
1243 1571 1478 1657 agebat
1512 1570 1724 1636 adhuc
1767 1590 1987 1657 regem
2022 1569 2123 1635 ira
2165 1590 2345 1654 prae-
2532 1594 2534 1623 2

295 1661 558 1745 cipitem
569 1710 590 1745 ,
634 1681 782 1727 cum
829 1664 1078 1745 partem
1125 1661 1444 1726 exercitus
1491 1660 1838 1740 amisisset,
1884 1662 2135 1745 partem
2174 1679 2347 1727 com-

297 1750 562 1833 edisset,
635 1749 839 1816 donec
897 1750 1149 1834 timuit,
1215 1771 1299 1815 ne
1353 1752 1421 1815 et
1471 1749 1613 1834 ipse
1671 1752 2012 1816 vocaretur
2066 1748 2149 1814 ad
2211 1770 2347 1815 sor-

297 1844 454 1906 tem:
501 1842 641 1906 tum
690 1838 949 1907 demum
996 1839 1256 1926 signum
1299 1840 1591 1925 receptui
1636 1838 1828 1906 dedit
1922 1838 2348 1906 servabantur
2533 1911 2534 1918 χ

294 1929 553 1996 interim
591 1949 937 2016 generosae
972 1928 1072 1995 illi
1107 1949 1256 1995 aves
1304 1932 1371 1994 et
1404 1929 1834 1995 instrumenta
1868 1928 2207 2014 epularum
2244 1949 2350 1994 ca-
2385 1949 2443 1992 se

295 2019 481 2085 melis
544 2018 968 2102 vehebantur,
1035 2040 1183 2085 cum
1241 2017 1627 2084 sortirentur
1679 2018 1921 2084 milites
1966 2016 2135 2102 eius,
2196 2017 2349 2102 quis

297 2109 464 2174 male
509 2108 776 2193 periret,
821 2109 966 2193 quis
1011 2109 1196 2193 peius
1239 2107 1502 2174 viveret

227 2215 256 2263 1
475 2195 648 2262 XXI
719 2197 849 2264 Hic
901 2199 1105 2263 iratus
1159 2197 1290 2263 fuit
1332 2197 1514 2285 genti
1558 2199 1625 2264 et
1667 2197 1931 2285 ignotae
1977 2200 2044 2262 et
2087 2195 2355 2262 inmeri-

297 2291 431 2372 tae,
487 2309 786 2353 sensurae
841 2291 1086 2353 tamen:
1142 2283 1349 2372 Cyrus
1394 2286 1665 2352 flumini.
1756 2308 1911 2352 nam
1946 2305 2096 2353 cum
2134 2285 2355 2370 Baby·
2533 2359 2534 2364 γ

294 2377 450 2442 lona
496 2380 986 2480 oppugnaturus
1030 2375 1369 2442 festinaret
1405 2375 1487 2442 ad
1521 2375 1793 2460 bellum,
1841 2375 2025 2442 cuius
2060 2376 2359 2445 maxima
2392 2395 2449 2438 ιε
2533 2375 2534 2444 f

297 2468 678 2532 momenta
660 2489 731 2532 m
766 2465 1210 2533 occasionibus
1249 2468 1435 2550 sunt,
1482 2463 1753 2550 Gynden
1786 2465 1919 2531 late
1955 2465 2177 2532 fusum
2214 2487 2357 2531 am-
2533 2467 2534 2476 ’

297 2577 445 2622 nem
471 2555 638 2621 vado
665 2555 938 2622 transire
973 2555 1346 2642 temptavit,
1385 2554 1560 2658 quod
1584 2554 1697 2620 vix
1732 2558 1949 2621 tutum
1986 2558 2114 2640 est,
2149 2553 2360 2622 etiam

223 2661 258 2710 2
298 2667 446 2712 cum
492 2645 694 2712 sensit
738 2649 1045 2712 aestatem
1091 2649 1160 2711 et
1204 2644 1286 2710 ad
1332 2645 1675 2710 minimum
1714 2643 2027 2711 deductus
2074 2647 2189 2711 est.
2256 2643 2362 2710 ibi

296 2757 463 2800 unus
501 2757 581 2801 ex
615 2735 696 2801 iis
733 2736 940 2820 equis,
990 2733 1102 2820 qui
1136 2735 1391 2800 trahere
1426 2735 1681 2821 regium
1717 2755 1979 2801 currum
2015 2734 2148 2800 albi
2185 2733 2363 2801 sole·

294 2824 478 2908 bant,
515 2825 816 2910 abreptus
844 2823 1256 2891 vehementer
1292 2825 1649 2890 commovit
1682 2845 1929 2910 regem3
1964 2823 2205 2889 iuravit
2233 2825 2363 2890 ita-
2400 2844 2459 2886 ee

474 2963 510 3020 2
545 2964 733 3020 forent
767 2965 826 3020 et
861 2963 1070 3020 Aethio
1113 2979 1172 3020 es
1211 2964 1380 3021 Gertz
1427 2962 1616 3019 forent
1651 2962 1699 3018 ez
1734 2963 1959 3034 thiopes
2004 2969 2069 3020 ut
2112 2963 2229 3020 vid.
2267 2963 2367 3020 Δ*

295 3034 504 3110 forents'
517 3035 768 3106 ethiopes
804 3034 890 3092 A⁵
947 3036 1023 3122 L)
1084 3036 1092 3108 Ι
1143 3034 1182 3092 8
1225 3033 1551 3091 Macrobioe
1603 3034 1770 3091 Gertz
1817 3049 1947 3090 mac
1995 3032 2257 3108 ro‘bide
2301 3035 2369 3091 A

295 3123 485 3163 macro
527 3106 620 3164 ide
657 3108 713 3164 L
749 3106 941 3163 Macro
983 3106 1028 3162 ii
1057 3107 1201 3192 polq.
1238 3106 1260 3181 ΙΙ
1304 3105 1377 3163 14
1413 3103 1744 3162 defecerunt
1782 3105 1973 3175 Gens,
2008 3121 2126 3162 non
2161 3101 2305 3164 bene
2342 3105 2371 3180 ΙΙ

294 3177 367 3235 20
393 3179 618 3237 imanes
647 3180 729 3248 A,
756 3178 906 3234 unde
932 3177 1019 3234 A¹
1053 3176 1176 3234 illie
1213 3190 1349 3234 oues
1387 3177 1838 3246 effecit53m'1icet
1872 3193 1907 3233 a
1934 3177 2135 3248 paullo
2169 3177 2367 3250 myle-

293 3220 811 3392 Ξᾟῗξιέῗῗέῗ
855 3249 1619 3393 “3321„1“2³<2”22“m3
1700 3249 2337 3408 εἷώἅξῖἶιῗῶῗωηψῖ
2326 3265 2375 3353 “2

296 3391 416 3517 ῖιέἔιῑ.
427 3339 712 3533 {qen-odat
825 3337 964 3450 189p
975 3406 1184 3464 gygem
1219 3394 1279 3451 A
1322 3407 1569 3465 gangem
1704 3391 1726 3466 ΙΙ
1773 3389 1846 3450 29
1884 3389 2064 3468 allsbi
2090 3392 2149 3449 A
2186 3393 2369 3464 (erae.

2532 470 2534 515 1

2532 528 2534 563 i
