2544 3746
1054 57 1470 113 PRAEFATIO
2176 57 2279 112 XV

237 203 326 258 W.
356 203 575 258 Gemoll
609 203 1013 259 Adnotationes
1037 202 1262 258 criticae
1297 203 1363 256 in
1395 202 1466 256 L.
1494 202 1723 257 Annaei
1747 201 1980 257 Senecae
2005 201 2277 274 Dialoqos

381 283 568 338 Ohlau
588 287 743 338 1877.

309 395 374 404 —-
450 363 728 418 Kritieche
736 362 1150 433 Bemerktmyen
1171 377 1244 418 en
1266 363 1363 417 lat.
1376 361 1851 430 Schriftetellernl
1863 360 2121 432 Liegnitz
2136 365 2276 418 1890

379 444 456 498 11
485 443 742 513 Liegnitz
763 446 918 497 1898.

306 555 372 564 -
446 522 578 578 vide
632 525 690 579 et
735 522 856 578 eius
897 523 1231 578 recensiones
1265 521 1403 577 edit.
1443 521 1779 578 Gertzianae
1815 522 1878 576 in
1900 522 2273 579 Woehenschr.

374 604 539 660 klaes.
583 605 784 660 Philol.
817 607 954 658 1887
1005 620 1061 672 p.
1093 606 1252 670 1001,
1308 601 1490 658 libelli
1528 601 1936 658 Schultessiani
1978 602 2089 657 ibd.
2138 605 2275 674 1888

233 762 301 817 Η.
321 762 398 817 Μ.
429 761 668 819 Gemzoe
717 763 1238 819 Observatiumoulae
1296 765 1520 819 criticae
1568 765 1632 819 in
1686 763 1919 819 Senecae
1977 762 2046 817 de
2094 769 2273 832 tranq.

375 844 557 899 animi
589 843 834 900 libellum
868 843 931 896 in
967 843 1144 898 Nord.
1172 843 1364 899 tidskr.
1401 845 1445 912 f.
1482 844 1560 912 fil.
1590 845 1667 899 N.
1698 843 1753 900 S.
1784 845 1824 899 1
1852 860 1909 912 p.
1936 846 2040 897 110
2054 859 2137 911 eq.

305 955 374 964 —
448 923 651 980 Studia
694 939 880 993 parva
913 923 1002 978 Π.
1082 924 1174 978 De
1225 924 1340 978 loco
1385 923 1509 980 Sen.
1561 923 1661 994 qui
1708 929 1788 980 eet
1834 923 1903 979 de
1949 929 2130 992 tranq.
2182 939 2274 977 an.

378 1009 464 1071 11,
485 1008 574 1058 10·
603 1004 908 1073 disputatio
956 1003 1220 1060 historica
1269 1004 1331 1057 in
1368 1004 1546 1059 Nord.
1577 1003 1767 1060 tideler.
1804 1004 1848 1071 f.
1875 1004 1954 1072 fil.
1983 1003 2059 1058 11
2092 1005 2275 1073 (1876)

375 1101 432 1154 p.
454 1089 558 1138 186
568 1100 651 1152 sq.

229 1164 307 1220 M.
337 1161 417 1219 Cl.
440 1162 607 1218 Gertz
668 1164 930 1235 Udvalyte
979 1163 1217 1231 Skvifter
1266 1165 1341 1232 af
1377 1164 1446 1220 L.
1484 1166 1757 1221 Annaeus
1791 1163 1997 1220 Seneca
2031 1165 2073 1218 I
2103 1165 2274 1234 (cons.

380 1243 456 1298 ad
510 1242 802 1298 Marciam.
907 1241 994 1298 De
1046 1244 1431 1316 providentia)
1485 1246 1563 1300 ΙΙ
1611 1244 1796 1316 (epist.
1845 1243 1921 1298 ad
1976 1242 2274 1313 Lucilium)

375 1323 765 1394 Kopenhagon
794 1325 951 1378 1889.
983 1328 1138 1378 1895.

303 1435 372 1442 —-
446 1402 575 1459 vide
625 1403 685 1457 et
731 1404 1095 1460 recensionem
1143 1403 1279 1459 libri
1329 1403 1743 1460 Rossbachiani
1792 1404 1855 1458 in
1893 1403 2045 1459 Berl.
2077 1403 2273 1473 philol.

387 1483 761 1539 Wochmdar.
792 1487 933 1538 1889
968 1500 1024 1552 p.
1047 1489 1167 1540 872.
1198 1490 1322 1540 402.

229 1562 292 1616 F.
323 1561 638 1618 Gloeokner
677 1563 1030 1634 Quaestione-s
1065 1566 1413 1621 Annaeanae
1448 1563 1610 1619 Halia
1642 1569 1797 1619 1877.

229 1641 282 1698 J.
313 1643 381 1696 A.
410 1641 659 1698 Goeronz
695 1643 1218 1700 Animadversiones
1253 1647 1380 1701 crit.
1417 1647 1483 1724 in
1516 1645 1787 1714 quaedam
1813 1641 2044 1700 Senecae
2070 1643 2270 1713 philos.

376 1723 498 1778 loca
535 1721 880 1778 Zwicoaviae
919 1728 1075 1779 1812.

227 1800 282 1858 J.
310 1799 468 1856 Hans
521 1801 584 1856 in
631 1805 940 1859 recensione
991 1804 1126 1860 edit.
1163 1805 1494 1860 Kochianae
1542 1804 1605 1858 in
1652 1804 1873 1860 Ble’itter
1920 1805 1961 1872 f.
2010 1805 2063 1860 d.
2104 1805 2271 1860 baier.

383 1882 1045 1955 Gymnasialschnlwesen
1069 1884 1173 1939 XV
1201 1888 1389 1955 (1879)
1425 1903 1481 1955 p.
1502 1889 1607 1940 270
1619 1902 1699 1953 oq.

231 1962 291 2018 C.
320 1961 635 2018 Haeberlin
667 1963 799 2019 vide
835 1964 986 2020 Berl.
1008 1966 1205 2035 philol.
1230 1965 1602 2023 Wochenechr.
1634 1968 1774 2019 1895
1810 1982 1865 2034 p.
1889 1970 1973 2020 76.

223 2042 278 2097 J.
307 2041 703 2098 Hammelrath
752 2044 1170 2116 Bemerktmyen
1219 2062 1293 2101 en
1351 2046 1458 2102 den
1514 2046 1674 2101 Dial.
1715 2061 1770 2099 n.
1814 2045 1999 2115 Epist.
2043 2045 2274 2102 Senecas

377 2122 658 2193 Siegburg
686 2128 842 2180 1888.

303 2234 370 2243 ——
451 2204 856 2260 Grammatiech
869 2235 890 2245 -
906 2206 1218 2262 stilistische
1289 2207 1551 2276 Beitrliye
1612 2220 1685 2261 zu
1751 2206 1857 2259 den
1918 2206 2272 2275 prosaiechen

373 2283 655 2351 Schriften
689 2284 786 2340 dee
819 2285 890 2339 L.
909 2287 982 2341 A.
1012 2285 1219 2341 Seneca
1252 2285 1573 2341 Emmerich
1603 2290 1758 2341 1895.

225 2362 290 2418 Ε.
318 2362 539 2418 Hauler
570 2363 701 2419 vide
736 2364 889 2420 Berl.
909 2365 1105 2434 philol.
1132 2366 1507 2421 Wochenechr.
1539 2369 1677 2420 1895
1714 2382 1771 2434 p.
1794 2370 1914 2420 777.

226 2442 305 2498 Μ.
337 2442 538 2513 Haupt
572 2445 838 2513 opuscula
873 2444 1107 2514 Lipsiae
1130 2450 1384 2517 1875s76.

222 2520 290 2577 Ο.
321 2521 513 2578 Hense
547 2523 752 2579 Seneca
777 2541 832 2579 n.
863 2525 1248 2581 Athenodorus
1284 2524 1561 2596 Freiburg
1595 2527 1633 2581 i.
1648 2475 1717 2580 S
1750 2529 1904 2581 1895.

221 2602 288 2657 Ε.
333 2602 571 2658 Hermes
637 2604 789 2659 Krit.
836 2605 1250 2676 Bemerkwnqen
1301 2620 1374 2661 cn
1427 2607 1534 2662 den
1586 2606 1864 2675 Solu-ister»
1916 2607 2011 2661 dee
2062 2606 2269 2663 Philoe.

373 2684 444 2738 L.
464 2683 538 2738 A.
567 2683 772 2739 Seneca
806 2683 869 2738 in
904 2685 1236 2753 Festschrift
1269 2686 1363 2741 des
1403 2686 1603 2757 G-ymn.
1631 2702 1705 2741 en
1738 2686 1896 2741 Mo're
1925 2690 2081 2741 1896.

221 2761 288 2818 Ο.
319 2761 477 2817 Jahn
525 2764 822 2820 Vae-iarum
859 2766 1148 2821 lectionum
1181 2766 1321 2833 fasc.
1349 2767 1426 2822 II
1455 2766 1518 2820 in
1552 2767 1753 2822 Philol.
1781 2764 2015 2820 XXVIII
2049 2783 2107 2835 p.
2130 2772 2177 2822 9.

219 2850 294 2907 H.
313 2850 353 2906 J
357 2895 370 2907 .
397 2850 657 2907 Karsten'
688 2853 1090 2913 Adnotationee
1133 2855 1359 2910 criticae
1402 2855 1480 2910 ad
1522 2856 1593 2910 L.
1633 2855 1707 2911 A.
1739 2854 1971 2912 Senecae
2019 2855 2270 2929 dialogos

372 2931 436 2986 in
473 2932 745 2989 Mnemoe.
783 2926 941 2988 XVII
967 2936 1150 3005 (1881)
1188 2953 1244 3005 p.
1268 2941 1333 2990 77
1348 2952 1427 3004 sq.

218 3011 290 3067 Η.
319 3010 618 3068 mammet
647 3011 999 3082 quaestiones
1024 3015 1370 3070 Annaeanae
1394 3015 1457 3069 in
1474 3015 1740 3086 Festqabe
1764 3016 1864 3083 fwr
1892 3017 1976 3073 W.
1998 3016 2270 3074 Greceliue

371 3090 665 3147 Elberfeld
695 3097 833 3148 1881
871 3110 926 3163 p.
947 3099 1018 3149 54
1029 3111 1110 3163 sq.

219 3172 294 3229 H.
321 3172 394 3227 A.
423 3171 588 3227 Koch
636 3174 726 3227 Za
773 3173 1006 3230 Senecae
1055 3175 1336 3246 Dialoyen
1383 3175 1443 3229 in
1495 3176 1650 3232 Mus.
1682 3176 1858 3231 Rhen.
1891 3174 2045 3230 XXX
2082 3180 2265 3249 (1875)

367 3270 426 3322 Ρ.
450 3256 518 3307 79
531 3268 614 3321 sq.
655 3258 851 3323 84osq.

217 3330 285 3389 B.
313 3331 557 3387 Lai-isch
593 3332 723 3387 vide
758 3336 1015 3390 Zeitschr.
1042 3336 1141 3403 far
1179 3334 1685 3408 Gymnaeialweeen
1722 3341 1859 3393 1868
1895 3354 1951 3407 Ρ.
1973 3342 2095 3393 332.

217 3419 286 3492 Q.
317 3421 608 3478 Matthiae
649 3422 1058 3481 Observationes
1094 3426 1318 3482 criticae
1342 3427 1407 3481 in
1435 3426 1504 3484 L.
1524 3428 1598 3482 A.
1617 3426 1876 3482 Senecam
1902 3425 2263 3482 Berol.·1865.
