2544 3746
207 1353 236 1401 1

803 587 882 659 L.
921 585 1310 658 ANNAEI
1357 584 1799 659 SENECAE

435 762 1390 863 DIALOGORVM
1442 762 1873 861 LIBER
1927 764 2166 862 XII.

945 936 1034 979 AD
1060 935 1355 979 HELVIAM
1380 936 1651 979 mmm

834 1126 838 1129 ,
885 1061 993 1115 DE
1037 1059 1711 1117 coNsonAmoNE.

452 1331 501 1399 Ι.
577 1330 782 1418 Saepe
835 1330 991 1418 iam,
1047 1334 1252 1397 mater
1308 1331 1584 1416 optima,
1627 1330 1940 1417 impetum
1988 1332 2132 1418 cepi
2178 1354 2339 1399 con-

222 1460 226 1465 -
277 1422 529 1489 solandi
591 1426 686 1506 te,
747 1442 936 1507 saepe
1001 1419 1310 1487 continui.
1423 1424 1499 1485 ut
1562 1420 1890 1506 auderem,
1952 1422 2161 1487 multa
2226 1445 2339 1488 me

274 1511 698 1599 inpellebant:
770 1510 1056 1596 primum
1127 1510 1394 1575 videbar
1465 1509 1875 1596 depositurus
1948 1512 2169 1577 omnia
2236 1511 2339 1577 in-

277 1601 642 1686 commoda,
716 1622 865 1666 cum
935 1600 1234 1666 lacrimas
1300 1604 1470 1682 tuas,
1545 1599 1739 1665 etiam
1804 1600 1862 1666 si
1924 1600 2339 1686 supprimere

276 1713 412 1757 non
455 1691 841 1777 potuissem,
886 1688 1147 1754 interim
1193 1692 1365 1754 certe
1400 1688 1868 1774 abstersissem3
1913 1689 2141 1756 deinde
2174 1691 2337 1773 plus
2412 1712 2437 1752 s

276 1780 651 1847 habiturum
705 1799 811 1844 me
865 1777 1266 1845 auctoritatis
1317 1799 1452 1844 non
1497 1776 1872 1843 dubitabam
1919 1779 2001 1844 ad
2045 1779 2340 1845 excitan-

278 1870 426 1937 dam
471 1875 566 1955 te,
620 1868 676 1936 si
719 1868 900 1954 prior
943 1868 1083 1954 ipse
1130 1867 1701 1953 consurrexissem3
1758 1872 2088 1954 praeterea
2141 1869 2339 1935 time-

276 1961 453 2044 bam,
496 1982 580 2026 ne
627 1982 666 2024 a
709 1981 813 2024 me
858 1957 1032 2024 victa
1064 1958 1330 2023 fortuna
1366 1957 1647 2042 aliquem
1685 1978 1977 2023 meorum
2015 1960 2341 2025 vinceret:

276 2049 498 2134 itaque
551 2051 905 2132 utcumque
965 2046 1244 2114 conabar
1302 2067 1499 2111 manu
1559 2068 1754 2131 super
1804 2047 2067 2134 plagam
2111 2068 2341 2113 meam

277 2137 561 2222 inposita
606 2137 687 2202 ad
733 2135 1081 2223 obliganda
1122 2136 1391 2201 volnera
1422 2138 1638 2201 vestra
1672 2139 1942 2220 reptare.
2016 2135 2145 2202 hoc
2177 2157 2344 2220 pro-
2386 2160 2443 2200 10
2511 2129 2512 2141 ¹

277 2227 566 2313 positum
625 2248 840 2292 meum
901 2228 1085 2292 erant
1137 2247 1360 2292 rursus
1419 2246 1582 2310 quae
1608 2223 2057 2292 ·retardarent:
2116 2225 2347 2291 dolori
2509 2265 2510 2268 =

277 2321 422 2401 tu0‚
484 2315 640 2381 dum
698 2336 919 2381 recens
981 2315 1278 2394 saeviret,
1338 2314 1619 2381 sciebam
1673 2314 2139 2382 occurrendum
2194 2337 2349 2382 non

278 2427 443 2490 ese,
507 2428 589 2472 ne
647 2405 833 2470 illum
893 2402 1037 2489 ipsa
1097 2404 1337 2470 solacia
1394 2403 1734 2469 inritarent
1787 2407 1854 2470 et
1906 2403 2349 2471 accenderent

278 2531 369 2542 -—-·
411 2516 566 2560 nam
610 2493 679 2559 in
726 2494 968 2560 morbis
1017 2515 1275 2579 quoque
1321 2492 1487 2558 nihil
1527 2498 1625 2566 est
1658 2491 2083 2579 perniciosius
2132 2514 2348 2577 quam

279 2583 625 2649 immatura
679 2581 997 2648 medicina
1040 2605 1157 2646 -ε
1217 2581 1635 2667 expectabam
1680 2582 1928 2668 itaque,
1986 2581 2141 2649 dum
2188 2583 2351 2670 ipse
2392 2605 2443 2646 ιε
2502 2637 2504 2642 .

277 2672 446 2738 vires
511 2693 658 2737 suas
722 2672 1047 2758 frangeret
1105 2676 1172 2737 et
1229 2673 1313 2737 ad
1372 2671 1745 2736 sustinenda
1803 2670 2089 2755 remedia
2146 2693 2353 2739 mora

280 2761 612 2847 mitigatus
658 2761 841 2848 tangi
883 2782 950 2826 se
987 2783 1062 2828 ac
1097 2761 1361 2827 tractari
1397 2763 1739 2846 pateretur.
1812 2765 2143 2846 praeterea
2179 2783 2351 2828 cum

280 2851 499 2916 omnia
558 2851 1063 2917 clarissimorum
1119 2849 1526 2936 ingeniorum
1583 2850 1983 2916 monimenta
2015 2851 2111 2916 'ad
2155 2871 2353 2918 com-

279 2940 632 3025 pescendos
679 2938 1230 3022 moderandosque
1281 2940 1494 3005 luctus
1541 2940 1902 3024 composita
1947 2939 2351 3024 evolverem,

279 3051 415 3094 non
471 3029 874 3094 inveniebam
934 3029 1303 3112 exemplum
1364 3029 1531 3111 eius,
1589 3029 1701 3114 qui
1757 3029 2128 3095 consolatus
2177 3051 2352 3096 suos
2390 3050 2435 3090 ιι
2496 3067 2498 3076 ·

281 3120 472 3200 esset,
519 3138 668 3182 cum
713 3117 854 3202 ipse
900 3118 982 3183 ab
1027 3117 1158 3182 illis
1205 3118 1739 3203 comploraretur:
1793 3116 1886 3182 ita
1929 3118 2001 3182 in
2043 3139 2115 3183 re
2160 3140 2355 3185 nova

458 3271 496 3326 4
532 3288 852 3341 supremere
888 3275 943 3330 A
986 3274 1008 3346 ΙΙ
1053 3272 1122 3327 11
1161 3275 1327 3328 erant
1353 3274 1438 3329 Αι
1471 3275 1567 3330 sed
1600 3275 1846 3332 radendo
1882 3291 2021 3332 corr.
2048 3275 2117 3329 in
2153 3277 2295 3331 erat
2336 3277 2345 3344 Ι

281 3341 446 3397 verba
489 3342 599 3397 duo
645 3343 828 3397 dolori
871 3346 971 3398 tuo
1015 3351 1142 3414 post
1187 3345 1432 3402 saeviret
1476 3349 1538 3401 in
1574 3349 1631 3402 A
1665 3349 1944 3404 iterantur
1990 3345 2012 3418 ΙΙ
2056 3345 2132 3401 21
2184 3363 2351 3402 com-

282 3409 540 3478 ploratur
565 3412 650 3467 A¹
684 3429 821 3468 corr.
850 3432 920 3471 m.
951 3418 1112 3471 1—2
