2544 3746
245 84 375 151 100
636 80 696 136 L.
728 78 1012 135 ANNAEI
1049 76 1379 136 SENECAE
1469 78 1606 135 IAL.
1636 78 1771 135 LIB.
1800 78 1895 134 IV.

245 226 480 310 mines,
544 225 696 309 quia
756 226 893 310 pati
957 248 1102 291 non·
1149 224 1517 309 debuerint,
1570 224 1914 310 quaedam,
1959 224 2113 308 quia
2155 245 2290 291 non

247 315 669 400 speraverint:
750 315 1016 401 indigna
1089 318 1396 407 putamus
1471 335 1635 399 quae
1706 313 2041 399 inopinata
2110 317 2289 399 sunt3

247 405 464 489 itaque
509 404 787 470 maxime
833 407 1270 489 commovent,
1316 425 1480 489 quae
1521 407 1746 470 contra
1780 424 1962 489 spem
1998 406 2290 488 expecta-

247 493 621 580 tionemque
666 498 1041 578 evenerunt,
1077 514 1198 559 nec
1233 492 1411 559 aliud
1449 496 1547 559 est
1584 514 1780 577 quare
1815 492 1885 557 in
1920 491 2289 560 domesticis

249 584 518 650 minima
573 582 924 667 offendant,
984 583 1053 649 in
1107 582 1329 649 amicis
1385 581 1687 649 iniuriam
1730 602 2032 648 vocemus
2076 582 2291 669 negle-
2352 602 2381 645 ο

250 672 553 760 gentiam.
646 671 1003 757 ‘quomodo
1054 672 1242 760 ergo'
1290 672 1503 755 inquit
1549 670 1988 738 ‘inimicorum
2030 692 2152 737 nos
2197 671 2292 737 in-

250 762 452 843 iuriae
497 760 834 831 movent?
909 761 1062 845 quia
1103 783 1239 827 non
1275 761 1753 846 expectavimus
1790 760 1935 827 illas
1972 764 2085 827 aut
2120 763 2293 827 certe

250 873 384 917 non
428 854 659 917 tantas.
740 852 866 917 hoc
913 850 1113 917 efficit
1159 872 1342 916 amor
1385 850 1594 916 nostri
1636 850 1903 916 nimius:
1946 848 2292 917 inviolatos

251 961 372 1006 nos
432 940 628 1006 etiam
679 940 960 1006 inimicis
1016 940 1375 1006 iudicamus
1422 962 1560 1006 esse
1605 939 1861 1025 debere,
1902 938 2076 1027 regis
2122 940 2295 1025 quis·

253 1052 379 1115 que
415 1030 587 1096 intra
622 1051 691 1095 se
727 1029 1016 1095 animum
1050 1030 1272 1114 habet,
1311 1034 1383 1093 ut
1419 1029 1747 1095 licentiam
1783 1028 1909 1095 sibi
1944 1028 2085 1094 dari
2119 1028 2296 1113 velit,
2328 1050 2385 1091 ιο

253 1120 322 1185 in
369 1141 437 1185 se
481 1118 664 1185 nolit
755 1119 975 1203 itaque
1029 1140 1149 1184 nos
1205 1123 1319 1184 aut
1364 1118 1709 1185 insolentia
1752 1118 2094 1185 iracundos
2137 1117 2296 1185 facit

254 1212 368 1275 aut
401 1208 768 1297 ignorantia
801 1231 1043 1274 rerum:
1082 1207 1236 1294 quid
1276 1209 1448 1274 enim
1485 1208 1720 1273 mirum
1742 1212 1858 1273 ¹est
1892 1208 2098 1274 malos
2126 1207 2297 1273 mala

254 1298 544 1365 facinora
588 1297 818 1364 edere?
889 1298 1044 1383 quid
1089 1298 1244 1363 novi
1291 1302 1415 1383 est,
1460 1298 1517 1364 si
1552 1296 1851 1364 inimicus
1885 1300 2107 1382 nocet,
2142 1296 2299 1363 ami·

254 1409 368 1454 cus
416 1388 710 1471 offendit,
747 1386 919 1453 filius
956 1386 1224 1471 labitur,
1261 1408 1481 1453 servus
1519 1385 1785 1473 peccat?
1854 1385 2298 1471 turpissimam

255 1475 470 1543 aiebat
538 1475 776 1543 Fabius
853 1477 1228 1562 imperatori
1310 1476 1789 1543 excusationem
1870 1497 2035 1543 esse:
2135 1475 2300 1542 ‘non
2333 1496 2387 1537 ιε

239 1565 531 1652 ‚putavi'‚
590 1588 712 1654 ego
772 1566 1211 1651 turpissimam
1272 1566 1523 1632 homini
1578 1568 1757 1651 puto.
1852 1564 2069 1631 omnia
2120 1569 2297 1650 puta,

257 1658 552 1741 expecta:
599 1655 793 1722 etiam
837 1657 908 1721 in
953 1656 1140 1721 bonis
1186 1656 1473 1722 moribus
1519 1655 1764 1742 aliquid
1810 1655 2076 1721 exsistet
2119 1675 2301 1740 aspe-

257 1746 409 1811 rius.
498 1744 627 1811 fert
682 1745 966 1811 humana
1022 1750 1255 1811 natura
1311 1744 1654 1811 insidiosos
1710 1744 1989 1829 anime,
2031 1743 2161 1810 fert
2204 1743 2299 1810 in-

258 1839 504 1922 gratos,
550 1835 676 1901 fert
722 1835 1019 1921 cupidos,
1060 1834 1187 1901 fert
1231 1835 1484 1922 impios.
1560 1856 1709 1902 cum
1753 1833 1833 1900 de
1877 1834 2070 1901 unius
2107 1832 2301 1900 mori-

257 1925 380 1992 bus
416 1925 747 2009 iudicabis,
783 1925 860 1990 de
897 1925 1173 2010 publicis
1212 1927 1443 2013 cogita.
1509 1924 1621 1991 ubi
1656 1924 1936 1990 maxime
1971 1922 2303 2012 gaudebis,
2338 1943 2393 1984 ιο

259 2015 538 2080 maxime
602 2019 865 2080 metues.
957 2013 1070 2079 ubi
1127 2014 1479 2099 tranquilla
1535 2014 1658 2080 tibi
1712 2013 1930 2080 omnia
1980 2012 2301 2096 videntur,

261 2104 353 2170 ibi
385 2104 683 2170 nocitura
716 2107 850 2169 non
887 2104 1120 2170 desunt
1155 2104 1265 2170 sed
1303 2103 1658 2190 quiescunt.
1728 2125 1983 2188 semper
2002 2101 2302 2168 futurum

259 2193 506 2278 aliquid
566 2193 739 2277 quod
796 2197 862 2259 te
923 2193 1205 2259 offendat
1262 2193 1576 2258 existima.
1668 2193 2059 2280 gubernator
2115 2214 2303 2258 num-

262 2305 457 2367 quam
501 2283 596 2348 ita
630 2286 804 2348 totos
841 2283 1019 2348 sinus
1057 2303 1317 2349 securus
1355 2282 1690 2368 explicuit,
1726 2286 1803 2348 ut
1836 2304 1972 2348 non
2006 2281 2303 2367 expedite

263 2373 342 2438 ad
409 2372 914 2439 contrahendum
977 2376 1375 2438 armamenta
1437 2371 1819 2458 disponeret.
1923 2371 2088 2437 illud
2114 2449 2121 2456 ,
2151 2373 2303 2436 ante
2340 2389 2395 2430 25

265 2462 482 2528 omnia
518 2463 760 2549 cogita,
794 2461 1049 2527 foedam
1087 2484 1224 2528 esse
1261 2467 1327 2527 et
1364 2462 1820 2528 exsecrabilem
1856 2460 1990 2526 vim
2024 2459 2305 2548 nocendi

263 2556 329 2618 et
392 2551 847 2618 alienissimam
905 2552 1181 2636 homini,
1244 2551 1427 2618 cuius
1486 2551 1797 2618 beneficio
1858 2550 2054 2616 etiam
2112 2571 2306 2616 saeva

263 2644 736 2708 mansuescunt.
801 2641 1014 2725 aspice
1051 2642 1541 2725 elephantorum
1577 2641 1732 2729 iugo
1765 2641 1934 2707 colla
1959 2639 2308 2706 summissa

261 2735 330 2796 et
392 2735 726 2797 taurorum
783 2730 998 2816 pueris
1058 2731 1299 2815 pariter
1358 2753 1433 2798 ac
1490 2730 1748 2797 feminis
1793 2728 2305 2816 persultantibus

263 2825 448 2908 terga
491 2822 754 2906 impune
800 2821 1044 2886 calcata
1088 2825 1152 2885 et
1196 2819 1479 2906 repentis
1520 2820 1692 2886 inter
1722 2819 1961 2906 pocula
1994 2818 2305 2904 sinusque
2341 2834 2399 2876 ω

265 2911 529 2977 innoxio
556 2911 746 2994 lapsu
773 2910 1078 2976 dracones
1108 2913 1173 2974 et
1198 2913 1369 2976 intra
1397 2909 1662 2976 domum
1688 2930 1986 2976 ursorum
2012 2909 2307 2974 leonum-

445 3103 515 3160 11
551 3104 710 3160 nolit.
756 3106 763 3175 ξ
803 3104 920 3160 Aut
953 3103 1321 3176 ignorantias]
1351 3105 1510 3173 (erae.
1541 3109 1813 3174 punctum
1874 3103 2024 3172 itam
2062 3117 2165 3158 nos
2203 3103 2308 3157 aut

266 3174 571 3231 insolentia
606 3174 908 3231 iracundos
943 3174 1101 3231 facit.
1155 3175 1481 3246 ignorantia
1518 3191 1705 3231 rerum
1731 3176 1788 3230 A
1886 3180 1954 3231 ut
1976 3173 2136 3246 vola,
2163 3189 2306 3230 corr.

269 3247 436 3304 Ger-ts
460 3247 483 3320 ΙΙ
503 3245 575 3302 21
604 3248 821 3304 metues
839 3249 896 3303 A
922 3249 1112 3303 metue
1131 3246 1298 3303 Geren
1322 3247 1343 3320 ΙΙ
1367 3245 1440 3302 28
1458 3246 1889 3317 elephantorum
1908 3287 1921 3300 .
1943 3285 1956 3298 .
1980 3287 1992 3300 .
2012 3246 2309 3300 taurorum

268 3318 393 3373 AL
426 3324 492 3374 ut
524 3317 662 3391 woly.
693 3317 924 3389 (confort
961 3317 1124 3376 Gertz
1151 3317 1303 3374 Ptin.
1331 3322 1447 3375 nat.
1475 3318 1598 3374 hiet.
1630 3317 1790 3373 VIII
1805 3320 1862 3386 2,
1880 3320 1917 3372 4
1962 3323 2015 3374 et
2044 3315 2307 3372 Martial.

279 3387 336 3442 V
361 3391 453 3459 51)
489 3390 782 3445 taurorum
820 3431 832 3445 .
862 3431 877 3447 .
909 3432 922 3446 .
959 3387 1389 3461 elephantorum
1418 3389 1611 3446 Haase
1646 3390 1666 3462 Η
1698 3386 1773 3445 80
1802 3387 2037 3458 poculas
2068 3386 2077 3462 Ι
2109 3387 2308 3458 inusq3

265 3457 354 3526 -Αὲῑ
389 3475 526 3518 corr.
555 3459 642 3517 A²
675 3468 728 3519 et
751 3461 837 3518 Αδ
873 3460 1021 3518 colla
1057 3461 1325 3532 sinusque
1352 3462 1589 3534 Bentley
