2544 3746
249 48 377 113 120
647 44 708 99 L.
736 44 1021 99 ANNAEI
1057 42 1387 104 SENECAE
1424 43 1614 100 DIAL.
1644 44 1779 101 LIB.
1814 42 1875 99 V.

175 207 204 257 1
423 190 530 256 XI.
605 190 759 257 Non
827 191 1084 295 expedit
1155 190 1375 257 omnia
1444 190 1685 276 videre,
1758 192 1976 258 omnia
2043 192 2278 258 audire.

243 282 482 348 multae
526 302 646 347 nos
683 281 953 347 iniuriae
987 284 1345 365 transeant,
1388 303 1470 346 ex
1504 281 1737 367 quibus
1773 282 2112 366 plerasque
2146 304 2282 347 non

243 370 480 475 accipit
525 370 638 455 qui
682 371 902 437 nescit.
993 392 1127 436 non
1172 371 1270 436 vis
1318 392 1455 437 esse
1508 369 1895 437 iracundus?
1946 394 2028 437 ne
2080 358 2280 438 fueris

244 461 553 527 curiosus.
646 460 759 544 qui
802 460 1076 545 inquirit
1119 460 1303 544 quid
1323 460 1392 524 in
1438 481 1504 527 se
1550 459 1795 525 dictum
1841 460 1951 545 sit,
1999 461 2112 545 qui
2147 484 2280 526 ma-

241 550 456 652 lignos
503 570 856 633 sermones,
899 550 1093 615 etiam
1142 550 1197 614 si
1234 552 1478 615 secreto
1514 548 1721 614 habiti
1757 552 1933 634 sunt,
1980 551 2171 635 eruit,
2210 572 2280 617 se
2347 568 2373 610 3

243 639 381 724 ipse
425 638 758 723 inquietat.
851 638 1162 723 quaedam
1207 638 1649 724 interpretatio
1709 660 1784 705 eo
1839 600 2171 725 pe’rducit,
2202 644 2278 705 ut

242 728 579 794 videantur
623 728 921 793 iniuriae·
966 728 1183 812 itaque
1230 727 1357 793 alia
1401 727 1750 794 differenda
1788 733 1966 813 sunt,
2010 729 2138 795 alia
2173 729 2279 795 de·

171 833 204 883 2
242 817 533 903 ridenda,
578 818 706 883 alia
751 816 1062 883 donanda.
1155 817 1737 884 circumscribendo,
1789 819 2011 885 multis
2067 818 2277 885 modis

243 908 339 972 ira
384 910 506 992 est3
551 908 912 992 pleraque
894 929 963 971 1n
996 907 1214 972 lusum
1252 908 1597 994 iocumque
1631 910 1979 973 vertantur.
2053 906 2282 974 Socra-

241 1001 352 1062 ten
387 996 570 1062 aiunt
603 996 881 1082 colapho
909 1018 1285 1081 percussum
1310 997 1479 1062 nihil
1504 997 1782 1082 amplius
1811 997 2048 1063 dixisse
2085 1019 2289 1082 quam
2320 1017 2373 1057 ιο

241 1086 586 1152 molestum
632 1107 796 1171 esse,
851 1086 1027 1170 quod
1068 1086 1391 1153 nescirent
1443 1088 1762 1171 113131333,
1818 1087 2074 1172 quando
2131 1108 2278 1153 cum

169 1190 203 1240 8
241 1176 426 1263 galea
478 1175 736 1261 prodire
789 1175 1107 1242 deberent.
1177 1198 1315 1242 non
1370 1175 1909 1261 quemadmodum
1963 1175 2136 1243 facta
2194 1178 2282 1243 sit

240 1265 476 1331 iniuria
519 1265 739 1350 refert,
786 1264 898 1332 sed
936 1265 1475 1349 quemadmodum
1510 1267 1668 1351 lata3
1702 1288 1825 1333 nec
1856 1266 2046 1332 video
2083 1287 2281 1350 quare

240 1355 525 1421 difficilis
573 1355 657 1421 sit
701 1354 1085 1439 moderatio,
1130 1376 1280 1421 cum
1328 1356 1525 1421 331313
1559 1360 1983 1441 tyrannorum
2022 1376 2280 1442 quoque

238 1444 489 1511 tumida
533 1448 598 1510 et
649 1444 912 1511 fortuna
969 1448 1034 1510 et
1086 1444 1353 1511 licentia
1405 1445 1665 1532 ingenia
1716 1445 2101 1511 familiarem
2154 1446 2281 1511 sibi
2321 1464 2375 1505 13

167 1546 203 1597 4
240 1534 573 1621 saevitiam
617 1534 1012 1619 repressisse.
1092 1533 1503 1601 Pisistratum
1546 1538 1743 1619 certe,
1786 1532 2283 1601 Atheniensium

238 1628 610 1726 tyrannum,
656 1624 1004 1690 memoriae
1042 1623 1368 1710 proditur,
1412 1645 1561 1692 cum
1597 1625 1855 1690 multa
1838 1647 1907 1689 1n
1943 1624 2282 1691 crudelita-

237 1718 370 1780 tem
407 1713 545 1779 eius
582 1714 796 1779 ebrius
833 1714 1107 1780 conviva
1136 1714 1402 1780 dixisset
1425 1735 1545 1780 nec
1580 1714 1872 1781 deessent
1899 1714 2012 1800 qui
2039 1714 2283 1781 vellent

240 1825 466 1868 manus
512 1803 573 1869 ei
618 1804 1051 1889 commodare,
1109 1806 1175 1869 et
1227 1804 1392 1873 alius
1446 1804 1600 1870 hinc
1652 1804 1817 1870 311113
1871 1804 2054 1870 111133
2107 1805 2281 1869 13333

240 1892 611 1978 subderent,
666 1894 922 1978 placido
982 1894 1200 1960 animo
1264 1894 1491 1961 tulisse
1555 1899 1619 1961 et
1675 1896 1802 1961 hoc
1862 1895 2279 1961 inritantibus
2321 1913 2377 1954 το

239 1983 672 2068 respondisse,
714 2005 848 2049 non
891 1983 1100 2070 magis
1147 1983 1246 2048 1111
1284 2005 1351 2049 33
1388 2005 1753 2050 suscensere
1800 2005 1995 2069 quam
2038 1984 2094 2050 si
2131 1985 2279 2069 quis

241 2073 542 2159 obligatis
590 2072 796 2138 oculis
843 2073 912 2137 in
956 2094 1024 2138 se
1070 2073 1457 2139 incurrisset.

169 2174 197 2224 1
415 2159 557 2228 XII.
629 2161 870 2249 Magna
920 2184 1069 2247 pars
1126 2163 1441 2247 querellas
1496 2185 1693 2228 manu
1744 2162 1899 2229 fecit
1957 2167 2071 2229 aut
2114 2163 2281 2230 13133

240 2250 623 2336 suspicando
653 2256 766 2318 aut
790 2251 962 2318 levia
988 2250 1415 2339 adgravando.
1488 2275 1676 2338 saepe
1704 2253 1785 2318 ad
1810 2275 1931 2319 nos
1958 2254 2055 2318 ira
2081 2254 2279 2337 venit,

239 2341 494 2426 saepius
538 2363 658 2408 333
704 2339 798 2408 3(1’
830 2341 1028 2407 illam.
1121 2364 1287 2425 quae
1331 2362 1686 2427 numquam
1732 2342 2109 2409 arcessenda
2153 2346 2278 2427 est3
2322 2361 2377 2401 ²⁵

167 2443 198 2491 2
239 2430 431 2495 etiam
497 2451 645 2496 cum
709 2430 962 2515 incidit,
1025 2431 1351 2497 reiciatur.
1434 2453 1625 2497 nemo
1688 2431 1849 2497 dicit
1910 2431 2059 2497 sibi:
2122 2431 2279 2498 ‘hoc

237 2524 504 2605 propter
540 2519 717 2604 quod
759 2520 1002 2587 irascor
1045 2524 1158 2586 aut
1201 2519 1329 2586 1331
1369 2524 1483 2586 aut
1524 2520 1751 2587 fecisse
1797 2520 2037 2606 potui’3
2080 2543 2277 2588 nemo

237 2609 523 2674 animum
577 2608 899 2692 facientis,
964 2609 1076 2675 sed
1127 2611 1346 2695 ipsum
1401 2613 1718 2675 aestumat
1768 2609 2039 2675 factum:
2094 2612 2279 2694 atqui

237 2697 349 2763 ille
393 2697 739 2765 intuendus
786 2702 912 2782 est,
953 2699 1232 2764 voluerit
1277 2721 1361 2764 an
1405 2699 1725 2784 inciderit,
1772 2704 2032 2766 coactus
2072 2701 2159 2764 sit
2195 2722 2280 2764 an

236 2786 567 2871 deceptus,
614 2787 835 2853 odium
874 2791 1128 2855 secutus
1175 2789 1261 2854 sit
1306 2810 1391 2853 an
1433 2789 1815 2872 praemium,
1862 2789 1985 2855 sibi
2031 2811 2278 2855 morem
2322 2809 2379 2848 so

237 2876 507 2962 gesserit
552 2898 635 2941 an
677 2899 942 2943 manum
989 2877 1174 2944 alteri
1220 2876 1737 2943 commodaverit.
1814 2878 2060 2961 aliquid
2101 2882 2279 2945 aetas

236 2965 563 3049 peccantis
609 2965 790 3050 facit,
849 2966 1094 3050 aliquid
1153 2966 1440 3051 fortuna,
1497 2972 1602 3032 ut
1628 2966 1794 3032 ferre
1854 2988 1928 3032 ac
1980 2968 2120 3052 pati
2165 2971 2281 3033 aut

413 3140 450 3195 9
487 3139 760 3195 Socraten
785 3139 871 3196 A¹
907 3140 1190 3198 Socratem
1219 3142 1303 3197 A⁵
1329 3144 1349 3216 ΙΙ
1382 3141 1453 3198 12
1481 3141 1753 3198 deberent
1787 3143 1868 3214 (re
1902 3159 1947 3200 8.
1974 3146 2050 3215 v.)
2079 3143 2200 3200 A¹··
2212 3142 2281 3217 ²ss

237 3210 308 3266 18
359 3211 614 3268 duxisset
654 3211 809 3342 21⁶⁹
859 3211 928 3268 21
976 3231 1298 3270 suscensere
1338 3215 1423 3272 A¹
1476 3213 1825 3319 sulllcensere
1845 3215 1931 3272 A⁵
1980 3217 2105 3288 (aut
2146 3215 2275 3283 fort.

238 3287 414 3354 succ-)
448 3285 472 3358 ss
504 3283 578 3340 28
614 3299 804 3388 quere
808 3302 875 3341 (13
900 3285 984 3342 A‘
1015 3285 1036 3358 ΙΙ
1071 3287 1144 3343 28
1175 3289 1460 3344 aestumat
1486 3287 1587 3356 A¹,
1614 3287 1710 3344 3εά
1734 3305 1775 3342 u
1800 3289 1865 3344 in
1890 3289 1911 3342 i
1939 3305 2077 3353 corr.
2102 3289 2229 3347 rad.
2254 3288 2279 3361 Η

236 3352 692 3495 ffltaggffffum
718 3355 804 3412 Αὃ
828 3356 1069 3431 inpremi
1073 3377 1166 3414 um
1195 3359 1279 3415 A¹
1302 3359 1324 3432 ΙΙ
1348 3359 1423 3416 32
1450 3375 1517 3415 ac
1546 3359 1670 3430 pati
1697 3360 1833 3433 voly.
1862 3360 1995 3417 inde
2021 3378 2059 3416 a
2078 3360 2277 3432 Lipsio
