2544 3746
148 2349 208 2387 10

149 2793 206 2833 15

759 662 840 734 L.
895 661 1284 735 ANNAEI
1340 661 1781 736 SENECAE

437 839 1431 940 DIALOGORVM
1484 840 1928 940 LIBER
1981 842 2109 940 II.

1069 1013 1156 1055 AD
1186 1014 1483 1055 SERENVM

443 1138 588 1195 NEC
622 1139 972 1195 INIVRIAM
1007 1137 1157 1194 NEC
1193 1136 1732 1200 CONTVMELIAM
1770 1139 2125 1196 AccffERE

1059 1244 1497 1303 SAPIENTEM.

835 1391 933 1442 (DE
965 1391 1359 1433 oons'rm'rn
1388 1391 1727 1444 sumnus)

429 1519 478 1584 Ι.
525 1519 808 1585 Tantum
846 1520 1017 1584 inter
1043 1517 1329 1604 StoicOS,
1367 1517 1633 1604 Serene,
1670 1525 1736 1585 et
1772 1526 2019 1585 eeteros
2058 1520 2307 1605 sapien·
2348 1538 2373 1584 1

245 1611 410 1675 tiam
445 1609 771 1693 professos
809 1610 1118 1674 interesse
1149 1612 1466 1693 quantum
1504 1610 1675 1674 inter
1700 1610 1977 1675 feminas
2006 1613 2072 1674 et
2099 1633 2308 1676 mares

245 1722 384 1765 non
446 1699 749 1764 inmerito
815 1699 1116 1784 dixerim,
1179 1720 1329 1763 cum
1393 1702 1668 1784 utraque
1732 1700 1927 1765 turba
1989 1699 2071 1764 ad
2135 1700 2308 1765 vitae

246 1789 625 1854 societatem
689 1790 1071 1854 tantundem
1128 1789 1447 1872 conferat,
1492 1789 1605 1854 sed
1652 1791 1853 1855 altera
1889 1810 2039 1875 pars
2077 1789 2158 1853 ad
2196 1790 2308 1855 ob-

246 1880 678 1964 sequendum,
737 1881 942 1946 altera
1000 1880 1272 1965 imperio
1332 1885 1487 1945 nata
1546 1880 1647 1945 sit.
1740 1881 1937 1947 ceteri
1982 1880 2306 1965 sapientes

247 1970 536 2035 molliter
599 1973 665 2034 et
729 1970 992 2053 blande,
1055 1974 1132 2034 ut
1202 1970 1337 2037 fere
1407 1969 1745 2035 domestici
1819 1973 1884 2034 et
1956 1970 2306 2035 familiares

247 2059 484 2124 medici
543 2060 753 2145 aegris
801 2059 1210 2145 corporibus,
1268 2082 1405 2124 non
1460 2082 1587 2143 qua
1634 2060 1955 2144 optimum
2003 2063 2069 2123 et
2114 2062 2307 2125 celer-

243 2149 486 2215 rimum
547 2153 646 2214 est
705 2150 1046 2214 medentur
1101 2148 1213 2213 sed
1262 2171 1392 2233 qua
1434 2149 1616 2233 licet3
1664 2148 1868 2215 Stoici
1912 2149 2166 2214 virilem
2213 2150 2307 2214 in·

245 2239 454 2327 gressi
499 2239 672 2304 viam
727 2261 862 2304 non
914 2242 990 2304 ut
1036 2261 1309 2304 amoena
1354 2239 1729 2304 ineuntibus
1776 2239 2073 2305 videatur
2116 2260 2306 2304 curae

243 2329 520 2414 habent,
574 2329 686 2393 sed
741 2333 818 2393 ut
877 2351 1072 2413 quam
1118 2328 1404 2414 primum
1449 2350 1568 2393 nos
1617 2329 1851 2413 eripiat
1895 2333 1960 2394 et
2004 2330 2075 2394 in
2117 2329 2304 2393 illum

245 2419 495 2484 editum
541 2419 849 2483 verticem
911 2420 1170 2502 educat,
1230 2419 1343 2501 qui
1407 2418 1567 2482 adeo
1634 2423 1817 2483 extra
1871 2439 2130 2483 omnem
2190 2418 2307 2483 teli

243 2510 490 2573 iactum
540 2508 847 2591 surrexit,
891 2513 968 2572 ut
1014 2529 1211 2593 supra
1255 2508 1585 2573 fortunam
1636 2508 1932 2573 emineat.
1986 2508 2079 2573 ‘at
2106 2509 2308 2574 ardua.
2346 2522 2377 2570 2

242 2620 364 2683 per
428 2619 594 2681 quae
649 2618 958 2662 vocamur
1018 2601 1084 2661 et
1143 2596 1532 2684 confragosa
1592 2597 1785 2663 sunt?
1877 2597 2033 2681 quid
2092 2598 2309 2663 enim?

241 2688 444 2772 plano
509 2686 724 2752 aditur
779 2686 1149 2751 excelsum?
1241 2686 1354 2751 sed
1409 2710 1491 2752 ne
1537 2691 1673 2752 tam
1720 2687 1998 2771 abrupta
2045 2687 2309 2771 quidem

243 2780 401 2843 sunt
467 2798 663 2861 quam
721 2776 982 2859 quidam
1037 2779 1293 2860 putant.
1391 2776 1603 2861 prima
1656 2780 1911 2841 tantum
1957 2798 2107 2861 pars
2154 2798 2312 2842 saxa

241 2886 570 2950 rupesque
630 2865 829 2930 habet
893 2869 958 2929 et
1016 2865 1178 2930 invii
1241 2867 1555 2950 speciem,
1624 2866 1793 2931 sicut
1855 2865 2165 2951 pleraque
2229 2889 2311 2931 ex·

239 2955 605 3041 longinquo
647 2954 1131 3040 speculantibus
1170 2955 1424 3020 abscisa
1461 2959 1527 3020 et
1564 2977 1808 3019 conexa
1834 2955 2041 3020 videri
2077 2955 2310 3036 solent,

426 3112 460 3166 1
513 3111 723 3167 stoicos
774 3127 969 3167 serene
1011 3113 1068 3166 A
1123 3112 1277 3181 (ante
1329 3128 1522 3166 serene
1577 3130 1647 3167 m.
1685 3129 1789 3167 rec.
1839 3129 1871 3166 0
1917 3130 1961 3168 8.
2000 3130 2049 3167 v.
2088 3111 2242 3179 add.)
2282 3112 2305 3184 ss

238 3183 277 3240 8
311 3183 598 3239 immerito
628 3182 715 3241 A⁵
765 3182 788 3255 ΙΙ
841 3182 878 3239 5
917 3182 1092 3256 ceteri
1119 3184 1176 3239 A
1228 3182 1250 3255 ΙΙ
1306 3183 1343 3237 6
1384 3183 1594 3238 blande
1622 3185 1679 3240 A
1726 3182 1938 3238 blande
1984 3185 2306 3253 <agunt>

243 3256 406 3313 Koch
442 3257 562 3313 coll.
592 3255 730 3313 dial.
762 3256 850 3312 VI
885 3259 988 3325 1,5
1022 3254 1045 3329 ΙΙ
1095 3255 1126 3311 7
1165 3255 1317 3327 egris
1345 3257 1402 3312 A
1436 3256 1459 3329 ΙΙ
1501 3255 1538 3311 9
1576 3272 1779 3311 amena
1806 3258 1863 3313 A
1898 3255 1920 3329 ΙΙ
1956 3254 2027 3310 1⁶2.
2063 3254 2308 3310 atardua

240 3346 380 3385 corr.
411 3346 482 3385 ex
509 3328 770 3385 adai-dua
797 3330 953 3386 A¹-²
979 3327 1001 3401 ΙΙ
1038 3326 1109 3384 14
1144 3326 1393 3399 abrupta
1425 3345 1564 3387 corr.
1595 3346 1664 3385 ex
1692 3327 1899 3384 abruta
1926 3327 2011 3383 A'
2034 3326 2155 3401 1115
2182 3329 2307 3398 qui-

242 3401 378 3457 dam
417 3418 559 3458 corr.
593 3418 665 3457 ex
705 3401 936 3471 quidem
965 3402 1121 3457 A¹-²
1154 3400 1176 3474 ΙΙ
1216 3401 1290 3456 15
1322 3402 1734 3475 saxulsrupesq3
1762 3402 1819 3458 'A
1855 3408 2014 3469 (eras.
2038 3402 2166 3468 fort.
2198 3402 2252 3471 c)
2288 3401 2310 3474 ΙΙ

241 3473 310 3530 17
351 3472 579 3529 abscisa
614 3490 754 3531 corr.
785 3490 855 3529 ex
891 3471 1083 3528 absisa
1117 3472 1246 3542 fort.
1278 3473 1363 3530 A¹
1403 3474 1411 3549 Ι
1454 3476 1669 3531 e'onexa
1697 3473 1781 3529 A¹
1822 3488 2074 3529 connexa
2102 3472 2187 3527 Α*
