2544 3746
149 1102 202 1141 10

145 1547 198 1587 15

139 1995 198 2034 20

300 130 400 184 AD
433 128 781 184 SERENVM
810 129 908 183 DE
938 128 1581 195 TRANQVILLITATE
1609 128 1825 183 ANIMI
1854 128 2007 184 CAP.
2040 136 2068 184 1
2154 133 2283 198 243

245 278 515 360 querulo
563 280 628 341 et
665 298 922 340 moroso
959 276 1208 360 positus
1253 296 1424 340 sum:
1469 297 1590 340 nec
1626 280 1889 361 aegroto
1926 297 2047 342 nec
2084 278 2281 342 valeo.

241 387 376 431 non
444 369 565 450 est,
636 365 811 449 quod
871 364 1044 431 dicas
1110 366 1400 430 omnium
1466 364 1804 430 virtutium
1869 369 2088 430 tenera
2146 388 2283 433 esse
2320 376 2355 430 3

240 456 588 540 principia,
633 458 922 537 tempore
969 454 1099 519 inis
1137 454 1587 519 duramentum
1624 458 1689 518 et
1722 454 1938 519 robur·
1960 457 2283 540 accedere3

241 566 376 609 non
411 544 639 631 ignoro
678 545 873 609 etiam
912 566 1076 627 quae
1113 544 1183 608 in
1219 544 1497 628 speciem
1532 544 1855 627 laborant,
1904 543 2281 630 dignitatem

242 633 387 699 dico
457 638 521 700 et
587 633 992 717 eloquentiae
1056 633 1296 697 famam
1362 635 1426 697 et
1495 632 1803 717 quicquid
1862 633 1942 698 ad
2002 635 2282 700 alienum

242 724 622 810 suffragium
668 723 869 807 venit,
924 744 1106 787 mora
1155 723 1599 788 convalescere
1646 760 1733 769 --
1780 725 1846 786 et
1891 745 2053 808 quae
2100 745 2281 789 veras

241 812 406 877 vires
462 816 693 897 parant
739 816 804 876 et
849 833 1011 895 quae
1059 812 1138 875 ad
1183 811 1568 895 placendum
1614 810 1763 876 fuco
1812 811 2090 894 quodam
2138 813 2281 877 sub-

242 905 504 986 ornant,
547 904 891 985 expectant
936 922 1137 965 annos
1146 949 1165 983 ,
1211 900 1415 965 donec
1458 900 1773 984 paulatim
1818 900 2099 965 colorem
2147 901 2283 965 diu-

238 992 515 1056 turnitas
555 992 748 1056 ducat
781 1028 888 1075 —‚
928 990 1038 1056 sed
1076 1012 1196 1076 ego
1236 1012 1484 1073 vereor,
1526 1012 1608 1054 ne
1646 990 2071 1073 consuetude,
2118 1012 2281 1075 quae

239 1080 430 1145 rebus
477 1080 684 1145 adfert
729 1080 1183 1163 constantiam,
1228 1079 1356 1144 hoc
1397 1079 1626 1143 vitium
1666 1079 1825 1144 mihi
1863 1080 2055 1145 altius
2094 1080 2279 1165 figat:

237 1174 373 1234 tam
430 1171 748 1235 malorum
809 1191 1002 1254 quam
1049 1170 1369 1234 bonorum
1414 1170 1613 1255 longa
1658 1169 2060 1233 conversatio
2108 1191 2280 1234 amo-

238 1280 375 1323 rem
436 1258 663 1323 induit.
754 1258 914 1325 haec
960 1258 1158 1323 animi
1204 1258 1371 1323 inter
1416 1262 1763 1340 utrumque
1809 1258 1989 1322 dubii
2034 1279 2153 1324 nec
2200 1258 2279 1322 ad
2316 1276 2352 1324 4

237 1351 414 1414 recta
470 1348 724 1413 fortiter
776 1369 897 1413 nec
942 1348 1023 1412 ad
1069 1370 1268 1431 prava
1311 1348 1635 1433 vergentis
1682 1346 2023 1412 infirmitas
2071 1348 2279 1431 qualis

239 1438 350 1521 sit,
402 1459 536 1502 non
589 1441 725 1503 tam
780 1438 978 1503 semel
1032 1437 1150 1503 tibi
1207 1458 1473 1521 possum
1522 1459 1713 1519 quam
1760 1459 1876 1520 per
1920 1441 2133 1521 partes
2182 1458 2280 1502 os-

236 1526 524 1611 tendere3
577 1527 786 1592 dicam
848 1547 1011 1610 quae
1027 1590 1042 1603 ,
1067 1526 1361 1592 accidant
1406 1525 1597 1589 mihi:
1652 1529 1723 1589 tu
1771 1526 1997 1591 morbo
2042 1548 2281 1591 nomen

234 1616 542 1681 invenies.
617 1620 792 1681 tenet
838 1638 940 1680 me
988 1637 1275 1681 summus
1322 1638 1504 1680 amor
1540 1615 2001 1699 parsimoniae,
2045 1616 2278 1680 fateor:
2316 1632 2351 1679 5

237 1706 452 1789 placet
494 1728 628 1769 non
672 1705 741 1769 in
787 1705 1204 1770 ambitionem
1251 1704 1462 1769 cubile
1508 1704 1965 1788 compositum,
2020 1727 2154 1768 non
2201 1728 2279 1768 ex

239 1796 458 1859 arcula
501 1796 756 1880 prolata
800 1794 1024 1878 vestis,
1067 1816 1200 1858 non
1235 1793 1627 1879 ponderibus
1676 1814 1750 1858 ac
1786 1794 1964 1857 mille
2002 1797 2278 1858 tormen-

236 1883 320 1950 tis
391 1885 723 1970 splendere
792 1883 1169 1972 cogentibus
1235 1906 1561 1968 expressa,
1630 1883 1741 1948 sed
1806 1884 2155 1949 domestica
2215 1887 2276 1947 et

234 1973 408 2057 vilis,
462 1995 583 2039 nec
642 1979 893 2039 servata
937 1994 1057 2038 nec
1101 1974 1413 2038 sumenda
1458 1972 1761 2056 sollicite3
1819 1975 2032 2057 placet
2077 1973 2278 2056 cibus,
2315 1989 2349 2037 6

236 2084 428 2147 quem
465 2084 584 2129 nec
620 2066 850 2147 parent
885 2061 1166 2127 familiae
1196 2084 1317 2128 nec
1345 2065 1663 2147 spectent,
1698 2084 1831 2126 non
1858 2066 2007 2126 ante
2036 2063 2275 2127 multos

232 2151 584 2235 imperatus
631 2151 766 2219 dies
811 2172 931 2216 nec
965 2152 1321 2217 multorum
1358 2151 1651 2216 manibus
1690 2151 2119 2234 ministratus,
2166 2151 2275 2216 sed

195 2291 210 2310 .
233 2240 537 2325 parabilis
599 2241 964 2325 facilisque,
1029 2239 1196 2305 nihil
1258 2240 1502 2305 habens
1564 2240 1851 2305 arcessiti
1912 2240 2277 2324 pretiosive‚

137 2441 194 2480 25

232 2330 506 2396 ubilibet
567 2353 702 2396 non
765 2330 1125 2414 defuturus,
1197 2351 1318 2395 nec
1381 2329 1770 2413 patrimonio
1834 2351 1955 2395 nec
2020 2331 2275 2413 corpori

231 2419 475 2506 gravis,
545 2442 680 2484 non
732 2419 1053 2484 rediturus
1116 2440 1244 2503 qua
1296 2418 1659 2502 intraverit3
1718 2420 1930 2502 placet
1984 2418 2276 2484 minister
2314 2433 2347 2482 ’τ

229 2509 516 2575 incultus
555 2512 620 2573 et
656 2508 834 2573 rudis
871 2509 1165 2590 vernula,
1202 2512 1541 2594 argentum
1581 2529 1774 2594 grave
1811 2507 2038 2573 rustici
2072 2507 2275 2591 patris

231 2599 372 2662 sine
443 2597 580 2662 ullo
652 2597 914 2663 nomine
987 2597 1277 2681 artificis,
1352 2601 1416 2661 et
1488 2617 1709 2661 mensa
1770 2618 1905 2661 non
1966 2598 2275 2661 varietate

230 2686 630 2751 macularum
687 2685 1036 2770 conspicua
1087 2707 1207 2751 nec
1252 2709 1371 2770 per
1414 2686 1650 2750 multas
1699 2685 2106 2750 dominorum
2153 2687 2277 2750 ele·

231 2775 527 2862 gantiam
573 2775 1006 2842 successiones
1050 2775 1297 2840 civitati
1332 2778 1515 2858 nota,
1563 2774 1674 2841 sed
1710 2775 1779 2838 in
1815 2797 2005 2839 usum
2044 2775 2276 2858 posita,

412 2932 443 2987 1
482 2939 610 2988 ante
647 2932 866 3000 positus
901 2950 1011 2988 rae.
1040 2933 1105 2986 in
1131 2934 1188 2986 A
1224 2932 1378 3002 ‘quid
1412 2949 1629 2987 erasum
1660 2934 1758 2998 sit,
1788 2935 1961 3001 plane
1988 2933 2273 2987 incertum·

229 3007 480 3073 <ego>
507 3003 729 3072 positus
757 3005 896 3058 coni.
919 3005 1105 3059 Hense
1131 3003 1152 3075 fl
1181 3003 1211 3058 7
1241 3002 1553 3058 subornant
1582 3004 1746 3058 Gertz
1774 3003 2153 3058 subornantur
2171 3005 2226 3058 A
2252 3003 2276 3076 Η

227 3075 264 3129 9
303 3073 478 3129 ducat
513 3075 569 3130 A
613 3074 851 3129 inducat
893 3075 1144 3130 Eussner
1189 3079 1195 3144 Ι
1247 3075 1349 3128 sed
1386 3091 1491 3144 ego
1529 3077 1585 3128 A
1630 3082 1769 3130 recte
1812 3075 1893 3128 sic
1932 3091 2035 3144 ego
2078 3073 2275 3141 Gertz,-

225 3163 329 3202 περ
366 3147 680 3202 addendum
709 3153 851 3215 puto
886 3147 1060 3201 etiam
1090 3153 1220 3215 post
1254 3146 1631 3200 constantiam
1670 3164 1791 3200 cum
1830 3149 2028 3201 Hense.
2086 3149 2276 3200 omnia

225 3224 369 3274 recte
416 3235 472 3272 se
521 3218 746 3283 habent,
796 3218 956 3272 modo
1003 3235 1127 3272 cum
1175 3219 1291 3272 ictu
1335 3218 1571 3286 quodam
1617 3219 1821 3272 dictum
1873 3235 1983 3272 esse
2028 3219 2274 3286 accipias

227 3291 338 3343 hoc
364 3288 563 3343 vitium
599 3288 620 3361 ΙΙ
656 3288 724 3344 17
752 3287 1065 3343 inabitione
1094 3290 1149 3344 A
1187 3307 1325 3344 corr.
1354 3289 1490 3360 voly.
1520 3288 1541 3360 Η
1578 3289 1646 3343 18
1673 3307 1786 3343 non
1813 3290 2033 3344 seclusit
2064 3289 2225 3343 Gertz
2252 3289 2272 3360 Η

226 3359 302 3414 20
330 3360 606 3414 servanda
643 3362 783 3416 coni.
811 3378 860 3416 v.
891 3361 988 3415 der
1019 3361 1166 3416 Vliet
1191 3360 1210 3432 ΙΙ
1240 3360 1311 3414 21
1339 3362 1542 3429 parent
1573 3404 1583 3414 .
1620 3405 1629 3414 .
1662 3363 1919 3429 spectent
1946 3364 2007 3429 (n
2032 3362 2096 3415 in
2122 3367 2271 3414 utro-

227 3448 332 3500 que
363 3432 532 3488 verbo·
561 3449 604 3487 s.
633 3433 706 3501 v.)
733 3434 890 3487 A²-²
926 3434 1090 3500 paret
1117 3431 1339 3486 familia
1368 3449 1471 3486 nec
1500 3435 1718 3500 spectet
1758 3433 2010 3500 Gemzo'e,
2046 3433 2141 3486 sed
2169 3433 2270 3498 cfr.

232 3502 515 3559 Gertziwm
549 3505 613 3558 in
647 3503 774 3559 edit.
809 3502 834 3576 fl
866 3501 938 3558 28
975 3502 1319 3574 elegantium
1350 3517 1384 3557 ς
1421 3503 1745 3572 elegantum
1774 3505 1828 3557 A

1738 3611 1841 3664 16*
