2544 3746
244 76 249 81 ·
285 84 417 151 204
665 82 726 135 L.
755 79 1040 135 ΑΝΝΑΕΙ
1076 80 1405 153 SENECAE
1441 81 1632 138 Dm.
1663 79 1797 138 Lm.
1826 81 1947 137 vn.

283 226 604 313 principia
647 262 732 275 -
777 248 898 293 nec
950 227 1120 292 enim
1172 226 1371 293 habet
1424 227 1626 311 aliud,
1682 227 1853 294 unde
1897 231 2166 294 conetur
2210 232 2325 295 aut

283 316 454 383 unde
499 315 580 381 ad
617 337 841 381 verum
877 315 1192 402 impetum
1228 316 1443 404 capiat
1478 354 1563 365 --
1576 367 1593 400 ,
1638 322 1709 383 at
1739 317 1811 382 in
1846 339 1913 383 se
1947 321 2322 384 revertatur.

282 428 435 471 nam
516 405 794 470 mundus
869 407 1150 491 quoque'
1198 410 1432 471 cuneta
1503 407 1913 492 conplectens
1984 410 2325 492 rectorque

284 495 567 560 universi
627 493 782 560 deus
841 494 912 559 in
969 494 1288 560 exteriora
1347 495 1608 580 quidem
1653 496 1887 580 tendit,
1948 496 2061 562 sed
2103 500 2329 563 tamen

284 584 601 649 introsum
636 583 920 667 undique
956 584 1026 648 in
1063 605 1132 650 se
1165 584 1347 650 redit.
1423 583 1593 649 idem
1627 588 1850 650 nostra
1884 606 2063 650 mens
2100 584 2325 651 faciat:
2386 607 2409 647 ο

285 695 430 739 cum
485 674 704 739 secuta
757 694 980 739 sensus
1035 694 1186 739 suos
1241 695 1358 757 per
1410 673 1558 739 illos
1615 695 1682 739 se
1736 673 1819 739 ad
1871 676 2133 739 externa
2175 696 2327 759 por-

209 778 246 829 5
282 762 544 845 rexerit,
609 764 674 826 et
727 762 989 828 illorum
1043 764 1108 827 et
1163 762 1265 828 sui
1316 764 1547 849 potens
1594 764 1694 827 sit.
1784 763 1911 828 1100
1955 763 2148 829 modo
2192 785 2327 829 una
2526 747 2528 845 1

282 851 598 917 efficietur
642 851 740 915 vis
786 871 862 917 ac
905 854 1190 936 potestas
1229 872 1497 917 concors
1534 851 1659 917 sibi
1694 855 1760 917 et
1794 851 1958 917 ratio
1995 852 2111 917 illa
2148 855 2327 919 certa
2526 850 2528 919 3

280 943 578 1006 nascetur
639 962 772 1005 non
841 940 1154 1006 dissidens
1216 962 1338 1007 nec
1389 940 1712 1007 haesitans
1776 940 1846 1005 in
1909 941 2323 1027 opinionibus
2526 930 2528 959 '

281 1028 982 1114 conprensionibusque
1038 1051 1159 1095 nec
1217 1030 1288 1096 in
1344 1031 1783 1117 persuasione,
1843 1052 2006 1115 quae
2062 1052 2211 1097 cum
2254 1052 2325 1097 se
2360 1053 2413 1093 ιο
2526 1062 2528 1105 ;

282 1118 602 1203 disposuit
659 1122 724 1184 et
781 1118 1072 1203 partibus
1133 1119 1266 1185 suis
1323 1119 1647 1185 consensit
1691 1122 1781 1203 et,
1841 1123 1915 1184 ut
1959 1121 2051 1185 ita
2095 1120 2323 1203 dicam,

282 1207 638 1291 concinuit,
691 1228 1015 1274 summum
1067 1209 1313 1276 bonum
1370 1209 1601 1295 tetigit.
1692 1208 1861 1273 nihil
1905 1209 2076 1275 enim
2120 1208 2323 1294 pravi,

279 1296 446 1361 nihil
496 1295 732 1362 lubrici
787 1300 1102 1382 superest,
1156 1298 1327 1362 nihil
1378 1298 1449 1362 in
1503 1317 1631 1381 quo
1687 1298 1913 1364 arietet
1966 1300 2079 1363 aut
2121 1296 2351 1382 labet;‚

243 1403 246 1407 ·
284 1384 500 1451 omnia
551 1384 745 1452 faciet
799 1408 881 1451 ex
932 1386 1204 1473 imperio
1261 1408 1379 1452 suo
1433 1386 1725 1471 nihilque
1768 1386 2176 1472 inopinatum
2222 1407 2323 1452 ac·
2529 1410 2530 1453 3

154 1494 156 1497 ’
280 1474 478 1557 cidet,
529 1474 640 1539 sed
694 1475 1003 1559 quicquid
1058 1478 1285 1561 agetur
1341 1476 1412 1541 in
1462 1475 1706 1541 bonum
1760 1476 1963 1541 exibit
2014 1475 2205 1541 facile
2258 1479 2325 1540 et
2358 1496 2409 1539 ιε
2529 1500 2530 1505 ’

280 1566 501 1647 parate
545 1566 613 1627 et
658 1563 803 1629 sine'
839 1564 1370 1651 tergiversatione
1416 1565 1695 1650 agentis3
1750 1586 1902 1629 nam
1946 1564 2215 1650 pigritia
2258 1568 2327 1629 et

279 1652 619 1717 haesitatio
684 1674 970 1739 pugnam
1033 1656 1098 1719 et
1158 1653 1659 1719 inconstantiam
1724 1652 2018 1719 ostendit.
2127 1674 2323 1738 quare

281 1739 606 1806 audaciter
655 1740 812 1807 licet
863 1741 1224 1826 profitearis
1280 1763 1605 1808 summum
1648 1741 1893 1807 bonum
1938 1762 2075 1808 esse
2120 1740 2322 1807 animi

281 1829 716 1917 concordiam3
759 1830 1028 1898 virtutes
1074 1832 1247 1897 enim
1293 1830 1384 1897 ibi
1430 1852 1567 1898 esse
1614 1830 1957 1916 debebunt,
2012 1831 2127 1897 ubi
2172 1851 2322 1898 con·

281 1941 503 1987 sensus
549 1923 742 2005 atque
787 1921 1001 1987 unitas
1046 1922 1194 1987 erit:
1241 1921 1555 1987 dissident
1597 1921 1773 1987 vitia.
2356 1941 2406 1981 2⁰

456 2007 565 2074 IX.
641 2007 802 2076 ‘Sed
868 2013 943 2076 tu
1003 2009 1294 2095 quoque'
1357 2009 1571 2095 inquit
1638 2010 1975 2076 ‘virtutem
2041 2031 2179 2076 non
2236 2011 2318 2076 ob
2530 2007 2532 2018 '

280 2097 457 2164 aliud
513 2099 702 2183 colis,
757 2119 950 2184 quam
1008 2100 1160 2183 quia
1216 2100 1502 2184 aliquam
1546 2121 1627 2165 ex
1670 2100 1786 2165 illa
1830 2121 2046 2186 speras
2090 2098 2321 2185 volup-

279 2186 520 2253 tatem?
590 2188 871 2273 primum
914 2209 1074 2274 non,
1120 2190 1177 2255 si
1220 2190 1622 2274 voluptatem
1666 2192 2069 2275 praestatura
2110 2189 2317 2256 virtus

279 2280 404 2361 est,
447 2277 590 2344 ideo
627 2282 892 2363 propter
925 2279 1093 2345 hanc
1128 2279 1403 2364 petitu13
1437 2301 1571 2345 non
1606 2279 1779 2344 enim
1813 2279 1983 2344 hanc
2015 2281 2319 2366 praestat,

280 2365 392 2431 sed
436 2370 501 2431 et
541 2367 739 2452 hanc,
779 2388 900 2433 nec
932 2366 1088 2434 huic
1121 2367 1399 2454 laborat,
1446 2368 1557 2434 sed
1591 2368 1778 2434 labor
1813 2368 1977 2452 eius,
2023 2367 2317 2452 quamvis
2353 2385 2404 2428 ts

279 2454 455 2530 aliud
513 2458 719 2540 petat,
781 2456 907 2523 hoc
966 2477 1224 2542 quoque
1283 2457 1681 2542 adsequetur.
1789 2457 1957 2523 sieut
2014 2457 2085 2522 in
2144 2478 2316 2540 οπο,

279 2543 452 2628 quod
490 2547 692 2630 segeti
725 2545 1118 2631 proscissum
1155 2548 1278 2629 est,
1315 2546 1518 2631 aliqui
1554 2546 1744 2612 flores
1780 2546 2321 2630 internascuntur,

276 2655 410 2699 non
482 2637 698 2700 tamen
763 2634 916 2701 huic
977 2633 1310 2718 herbulae,
1332 2703 1346 2719 ,
1382 2635 1675 2720 quamvis
1739 2635 2010 2701 delectet
2073 2635 2317 2719 oculos,

277 2725 530 2788 tantum
605 2723 816 2808 operis
889 2724 1292 2809 insumptum
1351 2727 1449 2789 est
1506 2761 1593 2772 -—
1653 2724 1829 2790 aliud
1891 2724 2017 2790 fuit
2079 2724 2316 2789 serenti
2378 2728 2388 2738 ‘

277 2811 710 2896 propositum,
767 2813 894 2880 hoc
948 2813 1319 2899 supervenit
1360 2849 1476 2895 —-,
1530 2813 1624 2879 sic
1676 2814 1975 2898 voluptas
2028 2834 2167 2880 non
2220 2815 2316 2878 est
2350 2831 2403 2872 ω

455 2949 525 3004 21
563 2951 664 3019 cfr.
701 2952 946 3022 Epicuri
979 2952 1050 3020 fr.
1081 2957 1188 3008 504
1227 2953 1342 3024 Ue.-

454 3037 492 3092 2
527 3041 590 3094 at
625 3039 752 3095 add.
789 3039 956 3096 Gertz
999 3039 1020 3112 ΙΙ
1067 3039 1104 3095 8
1137 3040 1381 3094 mundus
1418 3053 1453 3094 ς
1495 3041 1767 3095 mundum
1795 3042 1852 3096 A
1894 3041 1917 3113 ΙΙ
1964 3040 2001 3096 5
2036 3039 2313 3096 introsum

277 3108 399 3176 (cfr.
430 3125 510 3178 ep.
540 3127 602 3179 p.
632 3113 755 3178 162,
772 3113 841 3178 25
877 3115 1000 3178 565,
1025 3114 1120 3181 22)
1167 3111 1437 3168 Schultess
1482 3118 1533 3167 et
1577 3128 1672 3184 ⁶9⁰
1719 3112 1965 3180 intotum
1999 3113 2058 3168 A
2106 3111 2313 3168 iterum

289 3179 375 3234 W.
409 3179 619 3235 Gemoll
673 3181 681 3253 Ι
735 3180 940 3249 faciat,
978 3197 1106 3236 cum
1145 3223 1157 3236 .
1187 3224 1199 3238 .
1232 3224 1244 3236 .
1282 3182 1620 3251 porrexerit3
1658 3184 1716 3238 et
1750 3183 1978 3238 illorum
2015 3226 2028 3238 .
2060 3223 2076 3238 .
2110 3186 2313 3253 potens

277 3249 354 3304 sit
379 3251 728 3320 interpunxit
753 3253 1122 3309 Reitzenstein
1144 3253 1166 3338 [Ι
1193 3252 1264 3308 13
1293 3253 1439 3308 ariet
1455 3253 1541 3309 A¹
1564 3269 1702 3311 corr.
1726 3272 1797 3310 m.
1815 3257 1857 3310 2
1880 3261 1983 3310 aut
2005 3256 2273 3311 recentior
2294 3256 2312 3323 Η

279 3319 350 3374 16
385 3322 548 3390 parte
573 3322 630 3377 A
666 3324 757 3392 (m.
783 3340 888 3379 rec.
915 3341 958 3380 s.
986 3340 1087 3380 scr.
1130 3342 1182 3380 .1.
1218 3327 1441 3395 parate)
1476 3324 1499 3397 ΙΙ
1530 3324 1601 3382 27
1636 3325 1948 3396 procissum
1975 3327 2032 3381 A
2055 3325 2088 3452 11
2121 3324 2197 3381 80
2230 3324 2312 3380 sic

277 3390 538 3460 voluptas
574 3392 694 3448 edd.
724 3400 854 3449 ante
883 3394 1221 3452 Gronovium
1266 3397 1318 3451 si
1354 3412 1481 3451 eum
1517 3397 1783 3466 uoluptas
1811 3399 1867 3453 A
1905 3396 1987 3452 sic
2022 3413 2054 3452 e
2115 3395 2311 3467 volup-

280 3461 370 3514 tas
403 3461 620 3518 G'ronov
658 3463 738 3518 sic
776 3464 917 3520 mihi
953 3483 1002 3521 v.
1037 3466 1200 3524 Gertz
