2544 3746
268 74 396 142 134
668 72 728 127 L.
757 69 1042 127 ANNAEI
1079 70 1407 127 SENECAE
1444 71 1644 127 D1AL.-
1662 71 1799 127 Lm.
1826 72 1895 128 V.

196 236 222 285 1
441 215 676 283 XXIV.
736 215 927 283 Dicat
963 218 1181 301 itaque
1219 216 1343 282 sibi
1371 218 1667 301 quisque,
1714 218 2011 302 quotiens
2046 217 2302 284 lacessi-

263 311 394 372 tur:
467 306 804 390 ‘numquid
866 307 1193 391 potentior
1265 328 1409 371 sum
1464 305 1816 391 Philippo?
1924 307 2021 371 issi
2084 310 2303 373 tamen

264 398 526 481 impune
569 397 738 461 male
785 395 1029 461 dictum
1074 399 1188 462 est.
1251 394 1569 480 numquid
1613 396 1683 460 in
1728 395 1921 461 domo
1967 417 2111 461 mea
2155 396 2301 481 plus
2370 419 2373 422 ·

264 508 530 572 possum
577 505 770 570 quam
816 488 957 551 toto
1003 484 1158 551 orbe
1201 488 1518 550 terrarum
1565 484 1750 551 divus
1800 482 2137 571 Augustus
2190 507 2303 570 po-

264 573 435 649 tuit?
542 574 654 640 ine
723 578 938 640 tamen
1003 577 1345 640 contentus
1403 574 1531 639 fuit
1591 596 1631 638 a
1689 574 2121 639 conviciatore
2186 596 2302 639 suo
2368 595 2397 634 5
2524 570 2526 599 ²

195 680 226 728 2
267 663 571 729 secedere
575 663 596 692 ’
644 663 798 747 quid
845 667 943 729 est
990 685 1184 747 quare
1221 684 1343 749 ego
1396 662 1564 729 servi
1599 663 1726 728 mei
1764 663 1997 729 clarius
2042 684 2305 749 respon·

268 774 410 819 sum
476 756 540 818 et
594 753 1139 819 contumaciorem
1193 753 1445 818 voltum
1486 757 1575 820 ,et
1630 773 1766 817 non
1829 753 2302 836 pervenientem

267 863 469 925 usque
525 841 605 906 ad
655 864 757 907 me
811 842 1383 907 murmurationem
1435 841 1708 931 flagellis
1768 845 1835 906 et
1888 842 2305 944 compedibus

267 931 520 1016 expiem
536 930 571 994 ⁴?
660 931 806 1015 quis
854 952 1026 1014 sum,
1061 931 1244 997 cuius
1292 952 1477 997 aures
1522 930 1692 996 laedi
1730 930 1912 996 nefas
1958 930 2140 996 sit?
2121 952 2307 1018 igno-

267 1024 499 1085 verunt
560 1020 752 1085 multi
797 1019 1120 1087 hostibus:
1181 1041 1303 1106 ego
1348 1042 1483 1085 non
1532 1020 1863 1106 ignoscam
1910 1020 2144 1106 pigris,
2200 1042 2307 1085 ne·
2343 1038 2403 1079 ιο

199 1122 230 1175 8
267 1108 701 1197 glegentibus,
747 1109 1066 1195 garrulis?
1135 1130 1409 1195 puerum
1457 1112 1631 1191 aetas
1668 1112 1951 1193 excuset,
1998 1109 2307 1174 feminam

269 1220 482 1282 sexus,
546 1202 917 1264 extraneum
988 1198 1283 1282 libertas,
1381 1198 1805 1264 domesticum
1883 1198 2307 1264 familiaritas.

266 1309 440 1353 nunc
484 1287 766 1371 primum
814 1287 1107 1353 offendit:
1165 1288 1522 1373 cogitemus
1569 1308 1764 1371 quam
1810 1287 1920 1352 diu
1965 1288 2311 1373 placuerit3

269 1398 456 1461 saepe
523 1380 589 1441 et
651 1376 810 1442 alias
878 1376 1172 1441 offendit:
1253 1377 1535 1457 feramus
1610 1375 1784 1459 quod
1847 1375 1958 1441 diu
2020 1377 2309 1442 tulimus.

269 1466 512 1530 amicus
559 1467 687 1530 est:
731 1464 886 1531 fecit
924 1464 1098 1550 quod
1133 1465 1375 1551 noluit3
1420 1465 1748 1531 inimicus:
1792 1464 1949 1531 fecit
1986 1466 2161 1549 quod
2207 1466 2312 1531 de·
2350 1482 2407 1523 1⁵
2530 1499 2532 1547 2

198 1568 232 1617 4
268 1553 426 1618 buit.
517 1553 915 1638 prudentiori
963 1553 1330 1639 credamus,
1386 1554 1669 1619 stultiori
1712 1554 2145 1637 remittamus3
2191 1573 2311 1638 pro

271 1663 678 1728 quocumque
741 1642 905 1708 fflud
966 1643 1154 1709 nobis
1217 1641 1747 1727 respondeamus,
1800 1642 2313 1727 sapientissimos

272 1752 526 1816 quoque
562 1732 738 1797 viros
775 1732 982 1796 multa
1019 1730 1415 1816 delinquere,
1458 1732 1782 1797 neminem
1827 1754 1967 1797 esse
2009 1736 2144 1797 tam
2189 1732 2347 1797 cir--

270 1823 738 1907 cumspectum,
784 1820 966 1888 cuius
1030 1842 1165 1888 non
1209 1820 1546 1909 diligentia
1600 1820 1945 1907 aliquando
2003 1820 2127 1887 sibi
2171 1821 2317 1906 ipsa
2532 1866 2534 1912 ,

270 1910 550 1994 excidat,
592 1910 914 1977 neminem
957 1914 1092 1990 tam
1130 1915 1485 1994 maturum,
1530 1912 1713 1977 cuius
1757 1932 1892 1976 non
1927 1911 2317 1997 gravitatem
2355 1927 2417 1968 το
2533 1943 2534 1952 ¹

270 2000 339 2064 in
401 1999 664 2082 aliquod
722 1999 1031 2066 fervidius
1094 1999 1340 2066 factum
1386 2022 1572 2066 casus
1608 2000 1932 2087 inpingat,
1988 2000 2317 2066 neminem

270 2089 751 2242 tamdtimidum
798 2089 1214 2173 offensarum,
1258 2089 1372 2174 qui
1415 2111 1549 2155 non
1593 2089 1663 2153 in
1708 2089 1879 2172 illas,
1928 2089 2082 2177 dum
2106 2089 2318 2173 vitat,

269 2177 399 2244 inci
445 2181 527 2242 at.

203 2280 230 2329 1
448 2265 650 2332 XXV.
717 2264 1054 2344 Quomodo
1091 2267 1343 2333 homini
1378 2267 1617 2353 pusillo
1664 2266 1974 2333 solacium
2023 2267 2094 2331 in
2124 2266 2319 2331 malis

271 2355 398 2420 fuit
454 2357 650 2421 etiam
704 2377 1089 2441 magnorum
1142 2357 1432 2421 virorum
1489 2356 1768 2422 titubare
1823 2355 2179 2438 fortunam,
2251 2359 2323 2421 et
2362 2371 2420 2413 25

272 2445 573 2530 aequiore
617 2443 832 2509 animo
880 2445 1088 2510 filium
1134 2445 1203 2510 in
1247 2446 1489 2532 ang'ulo
1533 2445 1739 2528 flevit,
1786 2445 1899 2529 qui
1934 2443 2099 2509 vidit
2142 2466 2324 2510 acer·

271 2533 355 2598 ba
389 2533 616 2598 funera
659 2533 853 2598 etiam
892 2555 971 2598 ex
1006 2532 1184 2620 regia
1229 2534 1404 2618 duci,
1450 2534 1543 2600 sic
1589 2534 1807 2599 animo
1852 2534 2153 2618 aequiore
2188 2533 2325 2598 fert

273 2622 352 2687 ab
400 2622 637 2705 aliquo
662 2621 856 2706 laedi,
903 2622 983 2687 ab
1030 2621 1247 2706 aliquo
1294 2623 1621 2690 contemni
1634 2671 1654 2706 ,
1709 2623 2093 2708 cuicumque
2137 2621 2326 2687 venit

272 2712 343 2776 in
405 2715 683 2776 mentem
748 2711 998 2777 nullam
1062 2733 1201 2777 esse
1263 2716 1510 2777 tantam
1558 2712 1945 2797 potentiam,
2001 2712 2073 2776 in
2118 2731 2321 2796 quam

201 2816 234 2864 2
271 2822 405 2865 non
452 2803 746 2866 occurrat
790 2800 1038 2865 iniuria.
1107 2800 1280 2884 quod
1318 2801 1373 2865 si
1409 2801 1603 2865 etiam
1640 2798 2126 2886 prudentissimi
2170 2821 2325 2886 pec·
2366 2818 2426 2859 so

453 3009 488 3065 1
523 3009 822 3065 lacessitur
850 3009 933 3064 A⁵
970 3009 1012 3080 (i
1038 3012 1101 3065 in
1125 3027 1238 3066 ras.
1267 3021 1380 3080 pro
1414 3010 1607 3081 aliqua
1641 3010 1855 3078 littera,
1888 3026 2055 3080 quam
2089 3012 2209 3066 iam
2235 3009 2329 3066 A¹

264 3086 476 3151 puncto
511 3088 798 3138 notaverat
831 3088 885 3137 et
923 3081 947 3136 i
980 3097 1152 3151 supra
1185 3084 1299 3138 seri
1489 3102 1512 3149 ;
1553 3098 1690 3138 mom
1734 3097 1767 3136 e
1809 3082 2007 3149 suem,
2052 3087 2119 3137 ut
2159 3081 2331 3137 Koch

272 3152 464 3219 credin
515 3152 681 3208 Gertz
723 3153 884 3208 valde
927 3153 1166 3222 dubitat)
1145 3151 1235 3225 )ΙΙ
1355 3168 1483 3224 aug.
1520 3152 1686 3290 Al
1680 3151 1718 3208 9
1753 3151 1913 3207 nefas
1949 3123 2007 3208 A'
2047 3154 2247 3223 (aspra
2284 3170 2331 3212 11

275 3224 480 3278 lineola
515 3223 627 3278 vid.
660 3239 823 3279 erasa
856 3225 989 3294 esse>
966 3223 1055 3296 >ss
1099 3221 1170 3277 1ss
1204 3237 1548 3293 precumque
1720 3223 1818 3280 sed
1857 3239 1968 3293 quo
2004 3223 2327 3294 111).ᾳάᾱί-

277 3300 392 3348 tum
427 3293 540 3349 vid.
570 3294 757 3350 eadem
789 3311 964 3349 manu
997 3293 1018 3367 Η
1051 3292 1124 3348 22
1155 3294 1260 3364 tall
1280 3295 1337 3349 A
1373 3295 1533 3365 (eras.
1562 3293 1672 3350 vid.
1702 3312 1741 3353 11
1766 3310 1881 3350 non
1907 3312 1996 3360 m;
2020 3310 2162 3350 corr.
2190 3295 2329 3362 fort.

271 3381 346 3500 gt.
368 3362 508 3504 21303'
555 3363 629 3419 80
665 3367 923 3420 occurrat
949 3366 1006 3420 A
1043 3365 1160 3420 inc·
1195 3377 1232 3420 ς
1267 3366 1390 3437 (cfr.
1429 3365 1505 3421 E.
1540 3365 1777 3422 Thomas
1811 3367 2003 3423 Herm.
2033 3365 2341 3423 XXVIII
