2544 3746
603 59 702 114 DE
741 56 1210 114 CONSTANTIA
1247 56 1626 112 SAPIENTIS
1666 56 1820 111 CAP.
1852 63 1899 114 2.
1934 63 1965 112 3
2222 60 2307 124 23

253 206 546 272 inmensa
603 203 984 290 cupiditate,
1048 226 1244 288 quam
1308 205 1487 269 totus
1544 203 1717 268 orbis
1772 203 1843 268 in
1887 206 2016 268 tres
2064 202 2306 268 divisus

255 294 486 360 satiare
522 317 658 360 non
691 297 977 380 poterat,
1011 293 1316 365 adversus
1350 292 1509 357 vitia
1546 292 1824 357 civitatis
1862 292 2307 378 degenerantis

254 389 318 450 et
376 405 636 470 pessum
696 405 814 449 sua
871 383 1043 448 mole
1099 381 1365 448 sidentis
1414 381 1593 446 stetit
1640 382 1815 447 solus
1865 385 1927 446 et
1976 382 2307 446 cadentem

253 497 392 539 rem
449 473 806 560 publicam,
865 477 1182 558 quantum
1237 471 1432 537 modo
1490 495 1621 536 una
1665 470 1905 536 retrahi
1952 494 2149 538 11131111
2194 494 2307 557 po-

191 585 216 626 s
251 565 446 649 terat,
489 563 728 646 tenuit,
774 563 979 628 donec
1024 562 1385 628 abstractus
1437 561 1742 626 comitem
1790 582 1855 625 se
1904 561 2015 625 diu
2062 565 2307 628 susten-

249 656 423 718 tatae
482 652 706 718 ruinae
761 651 938 717 dedit
985 651 1309 736 simulque
1356 651 1673 716 exstincta
1718 655 1871 715 sunt
1918 673 2081 734 quae
2126 651 2306 715 nefas

249 746 390 808 erat
433 742 660 827 dividi3
706 765 914 826 neque
963 742 1135 806 3111111
1175 739 1334 806 Cato
1378 744 1527 825 post
1571 741 1936 806 libertatem
1982 739 2144 804 vixit
2188 761 2308 804 1133

246 831 511 897 libertas
571 835 722 917 post
769 829 1097 897 Catonem.
1188 831 1343 895 huic
1407 834 1481 895 tu
1545 833 1735 915 putas
1800 829 2101 894 iniuriam
2167 829 2308 894 fieri

245 921 539 1006 potuisse
581 945 620 986 3
655 923 930 1007 populo,
976 921 1151 1006 quod
1189 924 1304 985 aut
1341 923 1708 1005 praeturam
1746 919 1843 983 illi
1882 919 2158 984 detraxit
2196 922 2309 984 aut

157 1034 209 1074 10
241 1011 518 1098 togam?
577 1010 751 1095 quod
799 1032 1055 1076 sacrum
1101 1009 1264 1075 illud
1312 1013 1507 1093 caput
1552 1009 1995 1096 purgamentis
2035 1009 2163 1073 oris
2202 1007 2307 1072 ad-

153 1481 204 1521 15

152 1930 205 1970 20

151 2379 204 2419 25

243 1099 526 1185 spersit‘?
613 1104 794 1165 tutus
855 1102 953 1165 est
1013 1100 1267 1184 sapiens
1328 1121 1446 1164 1133
1506 1099 1642 1163 11113
1696 1099 1871 1164 affici
1916 1102 2028 1163 3111
2074 1097 2309 1164 iniuria

243 1192 363 1255 aut
410 1190 801 1255 contumelia
844 1193 1078 1275 potest.

428 1276 542 1344 ΠΙ.
587 1277 832 1344 Videor
891 1279 1054 1343 mihi
1111 1278 1349 1344 intueri
1403 1278 1693 1343 animum
1739 1282 1926 1342 tuum
1972 1277 2305 1342 incensum

243 1371 314 1434 et
378 1369 926 1454 effervescentem3
990 1390 1178 1453 paras
1245 1369 1631 1434 adclamare:
1681 1366 1863 1432 ‘haec
1928 1370 2079 1431 sunt
2144 1389 2307 1452 quae

242 1458 698 1524 auctoritatem
755 1459 1114 1543 praeceptis
1162 1459 1391 1522 vestris
1450 1457 1815 1522 detrahant:
1873 1479 2109 1543 magna
2162 1478 2307 1540 pro-

242 1547 507 1613 mittitis
537 1551 602 1613 et
643 1571 808 1633 quae
844 1571 926 1613 ne
965 1548 1177 1632 optari
1217 1546 1507 1631 quidem,
1543 1547 1779 1640 nedum
1820 1547 1992 1612 credi
2030 1547 2308 1630 possint3

243 1637 478 1702 deinde
537 1638 827 1724 ingentia
897 1637 1102 1702 locuti
1167 1659 1317 1703 cum
1391 1659 1737 1722 pauperem
1811 1637 2095 1722 negastis
2170 1657 2307 1701 esse

243 1727 636 1813 sapientem,
679 1749 816 1792 non
859 1728 1110 1813 negatis
1159 1727 1366 1792 solere
1413 1726 1511 1790 illi
1558 1730 1621 1790 et
1668 1747 1923 1790 servum
1964 1731 2027 1790 et
2062 1729 2307 1791 tectum

241 1821 316 1883 et
360 1817 576 1885 cibum
625 1817 872 1903 deesse,
918 1839 1066 1883 cum
1105 1817 1464 1903 sapientem
1500 1817 1784 1903 negastis
1822 1816 2130 1899 insanire,
2174 1837 2309 1880 non

239 1908 501 1994 negatis
566 1912 630 1973 et
695 1908 961 1973 alienari
1025 1911 1089 1972 et
1154 1919 1384 1991 parum
1452 1928 1607 1971 sana
1652 1908 1846 1971 verba
1906 1906 2196 1970 emittere
2244 1909 2308 1969 et

242 1997 560 2082 quicquid
606 1998 704 2062 vis
765 1996 977 2062 morbi
1037 1998 1214 2083 cogit
1275 1996 1535 2080 audere,
1594 2018 1742 2061 cum
1800 1997 2154 2079 sapientem
2201 2017 2306 2059 ne-

241 2086 450 2174 gastis
499 2108 754 2152 servum
803 2108 970 2172 esse,
1006 2086 1177 2151 idem
1225 2108 1360 2151 non
1404 2086 1513 2150 itis
1559 2086 1799 2150 infitias
1848 2089 1909 2149 31
1938 2085 2307 2149 veniturum

239 2180 314 2241 et
376 2176 692 2261 imperata
754 2176 1080 2242 facturum
1145 2180 1209 2241 et
1275 2176 1538 2241 domino
1606 2196 1723 2240 3113
1800 2174 2056 2239 servilia
2128 2196 2306 2259 prae-

241 2269 570 2331 staturum
600 2266 982 2332 ministeria:
1010 2266 1102 2332 ita
1129 2266 1385 2331 sublato
1422 2267 1548 2330 alte
1586 2265 1930 2349 supercilio
1969 2265 2039 2328 in
2084 2264 2303 2329 eadem

243 2378 415 2441 quae
462 2357 658 2423 ceteri
705 2356 1090 2422 descenditis
1138 2355 1403 2420 mutatis
1450 2376 1666 2420 rerum
1712 2354 2101 2419 nominibus.
2176 2354 2305 2417 tale

240 2447 468 2530 itaque
532 2445 778 2529 aliquid
843 2450 908 2510 et
970 2446 1041 2510 in
1103 2444 1230 2510 1133
1296 2466 1432 2509 3333
1489 2444 1810 2529 suspicor,
1875 2445 2049 2528 quod
2096 2444 2307 2527 prima

242 2535 460 2620 specie
521 2534 866 2619 pulchrum
926 2540 1120 2619 atque
1180 2534 1599 2621 magnificum
1657 2538 1782 2618 est,
1838 2556 1958 2599 nec
2002 2533 2303 2597 iniuriam

240 2645 368 2690 nec
414 2624 874 2689 contumeliam
914 2628 1329 2708 accepturu-m
1378 2645 1515 2688 esse
1558 2624 1931 2708 sapientem.
2024 2622 2304 2687 multum

242 2716 466 2779 autem
514 2713 808 2797 interest,
866 2717 1086 2777 utrum
1148 2714 1505 2798 sapientem
1567 2717 1747 2777 extra
1792 2711 2303 2797 indignationem

243 2825 331 2867 an
396 2806 579 2867 extra
641 2802 944 2867 iniuriam
1009 2824 1232 2887 ponas.
1324 2824 1475 2867 nam
1532 2801 1589 2867 si
1644 2802 1803 2866 dicis
1863 2800 2050 2866 illum
2098 2822 2302 2885 aequo

429 2996 464 3050 1
511 2994 786 3049 immensa
821 2994 907 3049 A⁸
1015 2993 1166 3049 inter
1208 2998 1325 3051 tres
1364 2996 1627 3063 Wolfflin
1680 2996 1741 3049 in
1777 3002 1918 3051 recte
1955 3003 2100 3052 tenet
2135 2998 2303 3053 Fem-

243 3083 422 3123 mavm
459 3068 534 3137 (et
568 3066 744 3131 Rech)
789 3067 891 3134 cfr.
968 3068 1066 3121 ial.
1105 3067 1208 3121 IV
1225 3071 1363 3133 35‚3
1402 3068 1573 3135 benef.
1604 3068 1681 3121 II
1700 3070 1790 3133 28,
1809 3071 1847 3122 2
1888 3067 1910 3139 ΙΙ
1952 3066 1991 3122 4
2026 3070 2201 3125 retrai
2229 3070 2303 3136 A,

243 3156 382 3195 corr.
417 3155 486 3193 m.
517 3154 622 3193 rec.
659 3137 681 3210 ss
715 3136 752 3192 5
789 3142 828 3205 †
865 3135 1187 3192 abstractus
1216 3138 1323 3206 A¹;
1357 3141 1422 3193 in
1458 3156 1628 3209 mary.
1659 3139 1745 3193 A⁸
1771 3146 1873 3193 aut
1898 3157 1966 3193 m.
1996 3158 2100 3196 ree.
2144 3146 2182 3209 †
2209 3140 2303 3195 uel

246 3210 510 3279 arreptus
543 3210 674 3264 add.
719 3208 726 3281 Ι
771 3210 1126 3283 sullstentate
1153 3210 1208 3265 A
1246 3213 1406 3277 (era-3.
1436 3208 1497 3275 b)
1532 3209 1553 3281 Η
1588 3210 1655 3264 11
1688 3210 2013 3265 audiniuria
2043 3212 2125 3268 A¹
2162 3229 2299 3268 corr.

246 3282 332 3339 A²
359 3282 386 3369 fl
423 3279 496 3337 14
525 3280 844 3337 acclamare
872 3282 928 3337 A
967 3284 1059 3353 (ac
1096 3298 1165 3338 ex
1201 3282 1277 3337 ad
1311 3282 1557 3339 radendo
1584 3286 1746 3353 corr.)
1782 3282 1802 3355 Η
1840 3282 1909 3338 18
1937 3289 1972 3353 †
2003 3286 2061 3340 et
2088 3286 2301 3340 tectum

244 3357 319 3425 A,
345 3373 414 3412 m
439 3371 614 3427 mar-9.
637 3354 842 3412 A⁸aut
867 3372 936 3431 yn.
965 3370 1070 3411 rec.
1101 3356 1228 3411 add.
1267 3360 1307 3423 †
1333 3355 1427 3411 uel
1454 3356 1727 3412 uestitum
1754 3354 1774 3428 Η
1800 3354 1868 3409 21
1900 3358 2301 3429 eogitssaudere

249 3446 302 3501 A
345 3456 507 3517 (eras,
546 3434 594 3517 1)
627 3444 650 3520 ΙΙ
686 3444 758 3500 22
795 3444 1241 3501 itis-ininfltias
1270 3446 1343 3515 A,
1381 3446 1477 3502 sed
1506 3447 1671 3517 mus
1708 3446 1769 3501 in
1805 3463 1847 3501 s.
1876 3464 1926 3501 v.
1956 3446 2084 3501 add.
2117 3444 2201 3502 ΑΒ
