2544 3746
287 125 418 191 292
695 123 756 177 L.
785 121 1070 177 ANNAEI
1105 118 1438 177 SENECAE
1475 121 1663 177 DIAL.
1692 121 1826 178 LIB.
1855 120 1923 177 X.

287 268 497 335 adhuc
568 269 818 335 animos
883 272 1178 334 senectus
1244 268 1583 353 opprimit,
1654 268 1736 333 ad
1799 289 1993 353 quam
2056 268 2338 353 inparati

286 360 688 443 inermesque
723 358 1133 443 perveniunt3
1169 358 1338 422 nihil
1373 359 1545 422 enim
1583 358 1917 442 provisum
1945 360 2071 422 est:
2116 358 2335 423 subito

285 448 356 512 in
399 447 580 513 illam
625 447 1085 532 necopinantes
1131 447 1523 531 inciderunt,
1570 447 1870 513 accedere
1916 468 2071 526 eam*
2094 447 2335 513 cotidie

217 554 249 603 ⁵
285 558 419 605 non
473 537 851 603 sentiebant.
944 536 1488 621 quemadmodum
1543 539 1658 602 aut
1711 557 1922 603 sermo
1980 539 2094 601 aut
2136 536 2333 601 lectio

285 630 400 690 aut
451 627 670 709 aliqua
720 626 1034 691 intentior
1087 626 1400 712 cogitatio
1456 626 1581 690 iter
1632 625 1932 692 facientis
1979 625 2223 709 decipit
2269 629 2336 690 et

285 716 651 798 pervenisse
696 719 844 781 ante
890 716 1177 781 sentiunt
1214 737 1409 798 quam
1456 714 2033 800 adpropinquasse:
2078 715 2172 780 sic
2207 715 2335 781 hoc

166 857 170 861 .
285 806 410 868 iter
465 804 638 869 vitae
697 803 1037 869 adsiduum
1092 808 1159 869 et
1211 804 1695 886 citatissimum,
1755 803 1930 888 quod
1985 804 2332 889 vigilantes

285 893 806 977 dormientesque
870 894 1095 958 eodem
1159 893 1365 979 gradu
1429 892 1730 978 facimus,
1804 894 2134 978 occupatis
2199 915 2337 959 non

285 987 554 1068 apparet
596 983 724 1048 nisi
769 984 840 1047 in
883 984 1030 1048 fine.
1373 1006 1379 1011 ·

465 1106 543 1173 X.
619 1106 805 1185 Quod
869 1109 1180 1192 proposui
1244 1108 1301 1172 si
1364 1108 1434 1172 in
1497 1110 1712 1194 partes
1777 1108 1973 1174 velim
2029 1111 2093 1173 et
2118 1112 2123 1117 ’
2147 1130 2336 1194 argu-

287 1200 503 1261 menta
557 1197 882 1280 diducere,
938 1198 1143 1261 multa
1188 1196 1349 1262 mihi
1398 1200 1759 1281 occurrent,
1815 1220 1932 1281 per
1978 1219 2142 1283 quae
2186 1219 2336 1282 pro-

284 1286 432 1351 bem
503 1286 949 1352 brevissimam
1025 1308 1161 1352 esse
1236 1291 1700 1372 occupatorum
1772 1287 1990 1351 vitam.
2084 1287 2337 1352 solebat

286 1376 496 1441 dicere
550 1374 904 1460 Fabianus,
959 1398 1093 1440 non
1153 1398 1232 1441 ex
1291 1376 1393 1441 his
1454 1376 1847 1442 cathedraris
1902 1375 2335 1461 philosophis,

287 1466 396 1530 sed
444 1487 524 1530 ex
568 1466 735 1531 veris
782 1469 848 1530 et
893 1465 1203 1549 antiquis:
1259 1469 1485 1531 contra
1530 1466 1821 1532 adfectus
1868 1465 2118 1550 impetu
2126 1515 2147 1550 ,
2198 1487 2336 1530 non

288 1554 646 1637 suptilitate
693 1554 1144 1641 pugnandum,
1186 1576 1309 1621 nec
1354 1554 1623 1619 minutis
1672 1554 2041 1620 volneribus
2090 1555 2202 1620 sed
2239 1556 2336 1619 in-

287 1663 479 1708 cursu
541 1644 952 1708 avertendam
1018 1645 1249 1729 aciem3
1316 1665 1452 1708 non
1517 1645 1789 1728 probam
1854 1644 2336 1709 cavillationem

287 1754 449 1816 esse,
513 1754 664 1798 nam
719 1732 1030 1797 contundi
1085 1732 1345 1816 debere,
1404 1754 1539 1797 non
1594 1734 1897 1799 vellicari.
1987 1735 2205 1797 tamen
2262 1737 2339 1797 ut
2445 1729 2457 1745 “

286 1820 418 1886 ilh‘s
475 1843 652 1887 error
706 1822 1130 1907 exprobretur
1174 1843 1357 1905 suuS,
1405 1821 1708 1907 docendi,
1752 1844 1885 1888 non
1929 1824 2183 1887 tantum
2232 1822 2339 1888 de·

285 1912 585 1996 plorandi
622 1915 788 1977 sunt.
864 1914 934 1977 in
968 1912 1095 1976 tria
1119 1915 1415 1996 tempora
1442 1913 1578 1976 vita
1606 1913 1939 1977 dividitur:
1988 1913 2160 1996 quod
2188 1912 2338 1996 fuit,

288 2001 460 2083 quod
507 2005 632 2084 est,
681 2001 854 2084 quod
892 2000 1184 2066 futurum
1223 2005 1335 2065 est.
1430 2023 1509 2066 ex
1546 2003 1599 2066 is
1640 2001 1814 2085 quod
1852 2001 2103 2086 agimus
2140 2002 2337 2067 breve

285 2092 410 2172 est,
466 2089 640 2172 quod
687 2091 894 2155 acturi
941 2112 1161 2154 sumus
1209 2091 1504 2173 dubium,
1552 2090 1725 2174 quod
1772 2091 2021 2175 egimus
2069 2093 2337 2156 certum.

284 2179 410 2243 hoc
465 2182 561 2244 est
617 2180 815 2262 enim,
871 2179 941 2243 in
996 2179 1170 2263 quod
1225 2180 1489 2244 fortuna
1534 2181 1633 2244 ius
1680 2179 1988 2263 perdidit,
2045 2179 2221 2263 quod
2265 2181 2339 2244 in

284 2268 526 2332 nullius
592 2267 927 2332 arbitrium
990 2269 1211 2334 reduci
1272 2271 1505 2351 potest.
1595 2268 1723 2334 hoc
1786 2270 2095 2333 amittunt
2148 2289 2337 2334 occu-

285 2359 449 2440 pati3
510 2377 632 2422 nec
690 2359 863 2422 enim
919 2358 1050 2422 illis
1106 2362 1293 2424 vacat
1346 2359 1693 2442 praeterita
1747 2359 2092 2442 respicere,
2156 2361 2225 2424 et
2278 2359 2337 2424 si

285 2450 498 2529 vacet,
541 2445 894 2512 iniucunda
938 2450 1038 2511 est
1081 2447 1504 2532 paenitendae
1541 2447 1635 2512 rei
1669 2447 2048 2513 recordatio.
2140 2448 2339 2513 inviti

283 2536 503 2617 itaque
559 2536 638 2599 ad
693 2540 987 2621 tempora
1041 2537 1208 2602 male
1263 2540 1487 2601 exacta
1530 2537 1818 2601 animum
1862 2540 2171 2603 revocant
2214 2559 2340 2604 nec

284 2624 524 2690 audent
569 2647 644 2689 ea
679 2629 1090 2709 retemptare,
1137 2647 1411 2711 quorum
1447 2626 1630 2710 vitia,
1678 2626 1873 2691 etiam
1912 2646 2076 2708 quae
2112 2627 2337 2712 aliquo

463 2851 500 2905 6
527 2867 588 2906 se
615 2853 744 2908 add.
767 2866 801 2908 s·
827 2860 878 2908 et
902 2855 1042 2925 voly.
1064 2861 1194 2924 post
1217 2855 1540 2923 pervenisse
1566 2853 1662 2908 sed
1686 2853 1791 2920 cfr.
1812 2854 1881 2910 de
1906 2855 2025 2909 ben.
2048 2869 2108 2923 p.
2129 2857 2339 2920 33‚14;

280 2927 407 2988 211,
429 2928 500 2978 14
535 2929 587 2978 et
619 2926 859 2981 21·Hos.
889 2941 969 2996 ep.
1000 2943 1060 2996 p.
1085 2929 1333 2993 463,24;
1368 2929 1492 2993 515,
1514 2929 1615 2991 18,·
1650 2927 1775 2992 535,
1792 2929 1871 2982 22
1896 2926 2084 2980 Hense
2120 2925 2126 2996 Ι
2158 2925 2339 2979 senti-

279 2998 390 3049 unt
418 2995 579 3050 Koch
613 2996 800 3051 sciunt
825 2997 882 3052 A
923 2997 932 3069 Ι
974 2997 1461 3067 adpropinquasse
1486 2997 1543 3052 A
1574 2997 1670 3052 sed
1694 2997 1841 3052 duas
1866 2997 2081 3052 litteras
2105 2997 2340 3052 ultim

280 3067 502 3192 3⁸²2}ng
537 3083 718 3194 zei-sut
734 3068 862 3124 add.
892 3086 963 3206 ’tr-2.
989 3073 1029 3124 2
1065 3075 1166 3196 aetat
1197 3071 1465 3193 recentiovl·
1499 3068 1520 3141 ΙΙ
1555 3067 1627 3123 12
1652 3067 1779 3124 uita
1804 3067 1891 3124 A‘
1915 3066 2119 3196 ruffi
2118 3074 2197 3194 gt
2206 3068 2341 3213 311ss

533 3156 556 3191 ι
579 3155 618 3192 a
651 3157 691 3192 u
747 3156 804 3192 m
830 3157 896 3194 m
922 3156 1050 3196 erne
1259 3157 1410 3207 eme,
1486 3156 1553 3194 su
1751 3145 1958 3208 puncto

281 3205 361 3268 18.
392 3207 772 3263 cathredraris
799 3210 856 3265 A
891 3209 912 3283 ΙΙ
947 3210 1020 3266 16
1055 3156 1261 3277 aoiffi
1299 3223 1415 3266 non
1448 3227 1552 3281 pro
1594 3226 1689 3266 am
1724 3208 2150 3279 cauillationem
2183 3225 2338 3278 esse3

281 3292 416 3330 nam
451 3279 722 3361 contundi
759 3281 895 3349 (scil.
926 3280 1204 3352 adfectus)
1234 3280 1441 3337 debere
1471 3281 1636 3338 Gertz
1662 3282 1924 3352 ,Πράκα
1948 3287 2194 3349 seeum,
2220 3283 2341 3339 nisi

281 3346 429 3415 quod
471 3365 523 3402 ts
566 3364 698 3403 nam
745 3367 860 3407 non
897 3352 1061 3408 habet
1095 3359 1156 3408 -et
1199 3353 1429 3408 retundi
1471 3354 1695 3424 scripsit
1740 3353 1922 3409 aciem
1955 3368 2071 3408 non
2212 3351 2334 3408 bat.

283 3421 442 3541 {xo-rr.
458 3420 536 3544 tiro:
558 3419 740 3545 ξέἕξί
743 3423 873 3548 21⁸)
903 3423 1297 3480 cauillationes
1313 3424 1320 3497 Ι
1335 3429 1431 3480 eni
1456 3424 1731 3481 contundi
1758 3424 1964 3481 debere
1981 3425 2038 3480 A
2064 3423 2087 3498 ΙΙ
2105 3369 2337 3482 ξῦοοκίε

410 3528 422 3540 .
505 3543 510 3548 ,
666 3508 688 3544 1
1895 3505 1899 3511 ’

2378 1126 2430 1165 10

2376 1570 2427 1610 15

2374 2017 2425 2056 20
