2544 3746
153 1104 209 1145 10

149 1548 204 1588 15

144 1994 204 2034 20

145 2438 202 2478 25

455 130 556 184 AD
596 128 984 185 PAVLINVM
1020 129 1118 184 DE
1157 130 1577 186 BREVITATE
1607 131 1831 187 VITAE
1872 132 2025 188 CAP.
2059 140 2089 188 3
2164 138 2296 203 283

247 279 564 361 quantum
632 296 964 341 servorum
1033 277 1363 360 coercitio,
1435 282 1747 361 quantum
1817 279 2112 345 officiosa
2182 303 2298 365 per

247 364 477 431 urbem
526 364 936 450 discursati03
991 365 1172 431 adice
1218 367 1509 451 morbos,
1555 388 1717 450 quos
1764 390 1961 433 manu
2005 368 2296 454 fecimus,

248 455 428 526 adice
493 458 560 521 et
624 454 798 538 quod
863 454 1001 521 sine
1060 476 1182 521 usu
1242 455 1469 521 iacuit:
1528 456 1778 522 videbis
1838 462 1901 523 te
1960 459 2295 543 pauciores

245 564 450 609 annos
513 544 748 609 habere
796 566 990 627 quam
1036 566 1354 611 numeras.
1444 549 1662 629 repete
1709 549 2019 612 memoria
2062 551 2297 632 tecum,
2336 568 2366 616 3

248 633 506 719 quando
563 637 775 698 certus
831 634 1087 699 consilii
1145 634 1369 718 fueris,
1429 639 1665 719 quotus
1723 630 1995 720 quisque
2042 637 2176 703 dies
2224 641 2315 702 ut⁴
2387 662 2391 665 ·

247 722 680 789 destinaveras
745 724 1155 808 processerit,
1222 723 1479 807 quando
1544 724 1668 788 tibi
1731 747 1885 791 usus
1940 726 2039 790 tui
2085 726 2297 810 fuerit,

247 811 508 896 quando
555 812 626 875 in
669 815 844 877 statu
883 834 998 878 suo
1038 814 1283 896 voltus,
1330 813 1587 898 quando
1628 815 1880 879 animus
1916 816 2296 899 intrepidus,

247 900 405 985 quid
461 900 583 966 tibi
641 902 710 965 in
767 905 901 966 tam
960 902 1161 989 longo
1227 924 1385 968 aevo
1444 903 1602 967 facti
1660 905 1873 987 operis
1930 904 2041 987 sit,
2102 927 2298 990 quam

245 989 439 1055 multi
502 991 701 1055 vitam
766 994 947 1055 tuam
1007 991 1392 1076 diripuerint
1450 996 1516 1057 te
1573 1014 1709 1057 non
1766 994 2080 1059 sentiente
2141 980 2301 1079 quid

245 1078 570 1165 perderes,
634 1084 948 1163 quantum
1003 1102 1204 1145 vanus
1254 1081 1468 1165 dolor,
1528 1082 1728 1146 stulta
1770 1083 2045 1165 laetitia,
2110 1083 2298 1148 avida

247 1168 601 1253 cupiditas,
635 1168 872 1234 blanda
909 1171 1311 1236 conversatio
1350 1171 1719 1255 abstulerit,
1756 1192 1948 1254 quam
1988 1173 2293 1257 exiguum

246 1258 368 1321 tibi
415 1257 493 1322 de
530 1261 645 1322 tuo
683 1258 981 1325 relictum
1021 1259 1130 1325 sit:
1177 1259 1513 1346 intelleges
1551 1263 1615 1323 te
1652 1259 2048 1325 inmaturum
2087 1262 2296 1326 mori.’

247 1347 402 1431 quid
476 1368 629 1433 ergo
703 1352 802 1413 est
875 1348 946 1412 in
1017 1349 1252 1413 causa?
1362 1354 1673 1432 tanquam
1746 1372 1998 1433 semper
2061 1351 2296 1416 victuri

244 1436 491 1520 vivitis,
537 1458 894 1521 numquam
941 1438 1127 1503 vobis
1165 1438 1484 1524 fragilitas
1523 1443 1739 1504 vestra
1774 1439 2119 1524 succurrit,
2161 1462 2296 1505 non

245 1525 631 1608 observatis,
688 1532 1002 1609 quantum
1049 1528 1180 1592 iam
1225 1528 1537 1612 temporis
1584 1528 1937 1611 transierit3
1992 1529 2172 1593 velut
2216 1552 2296 1593 ex

243 1615 437 1699 pleno
500 1618 564 1679 et
607 1614 961 1680 abundanti
1007 1616 1303 1701 perditis,
1365 1639 1514 1682 cum
1559 1617 1818 1681 interim
1864 1618 2137 1683 fortasse
2183 1618 2295 1683 ille

243 1706 383 1787 ipse
422 1705 534 1788 qui
572 1702 817 1787 aliquoi
853 1706 955 1769 vel
990 1704 1240 1770 homini
1278 1707 1381 1770 vel
1418 1706 1511 1771 rei
1548 1706 1827 1771 donatur
1863 1706 1996 1772 dies
2025 1706 2293 1772 ultimus

243 1794 344 1858 sit.
421 1794 638 1857 omnia
683 1796 1014 1880 tamquam
1052 1796 1354 1859 mortales
1391 1796 1663 1880 timetis,
1708 1796 1926 1860 omnia
1959 1800 2292 1881 tamquam

243 1883 642 1948 immortales
712 1884 1186 1969 concupiscitis.
1294 1885 1513 1950 audies
1578 1886 1921 1970 plerosque
1983 1886 2292 1952 dicentes:

245 1971 315 2036 ‘a
361 1973 895 2058 quinquagesimo
934 1995 1102 2039 anno
1141 1974 1210 2038 in
1247 1973 1453 2038 otium
1493 1974 1811 2058 secedam,
1857 1975 2291 2060 sexagesimus

243 2082 348 2126 me
430 2083 635 2126 annus
720 2062 799 2127 ab
875 2062 1110 2128 officiis
1187 2061 1509 2127 dimittet.'
1628 2068 1693 2127 et
1766 2085 1957 2148 quem
2031 2064 2293 2130 tandem

240 2149 557 2236 longioris
585 2149 755 2215 vitae
783 2151 1085 2235 praedem
1113 2151 1397 2236 accipis?
1473 2151 1616 2236 quis
1653 2153 1781 2218 ista
1808 2153 1975 2218 sicut
2003 2153 2291 2238 disponis

242 2239 338 2304 ire
393 2238 721 2324 patietur?
809 2262 944 2305 non
997 2239 1198 2324 pudet
1252 2244 1318 2305 te
1363 2240 1667 2325 reliquias
1711 2242 1884 2306 vitae
1930 2242 2051 2306 tibi
2095 2264 2293 2309 reser-

239 2350 392 2394 vare
439 2332 504 2394 et
551 2328 617 2392 id
665 2330 875 2394 solum
921 2333 1177 2414 tempus
1222 2330 1431 2394 bonae
1478 2329 1680 2395 menti
1726 2330 2071 2416 destinare,
2117 2333 2292 2416 quod

240 2417 313 2481 in
358 2419 606 2493 nullam
653 2440 789 2483 rem
837 2418 1116 2484 conferri
1159 2418 1416 2503 possit?
1490 2442 1685 2505 quam
1732 2441 1945 2485 serum
1993 2424 2090 2486 est
2134 2425 2293 2487 tunc

241 2505 457 2570 vivere
503 2505 813 2591 incipere,
859 2528 1006 2572 cum
1047 2508 1463 2573 desinendum
1504 2509 1646 2573 est?
1720 2531 1883 2593 quac
1919 2512 2053 2574 tam
2092 2511 2293 2575 stulta

241 2594 654 2660 mortalitatis
694 2596 934 2661 oblivio
973 2596 1044 2661 in
1081 2597 1691 2684 quinquagesimum
1727 2601 1792 2662 et
1818 2599 2291 2684 sexagesimum

239 2705 483 2748 annum
513 2683 766 2750 differre
795 2705 951 2749 sana
977 2686 1248 2750 consilia
1275 2689 1341 2751 et
1366 2685 1515 2750 inde
1542 2686 1709 2751 velle
1724 2685 1937 2771 ¹vitam
1969 2687 2292 2772 inchoare,

242 2793 373 2856 quo
419 2771 611 2856 pauci
654 2773 1135 2857 perduxerunt?
1384 2789 1390 2795 ·

240 2944 370 2983 reus
399 2940 434 2982 ς
468 2945 557 2984 res
594 2929 868 2986 Schultess
909 2930 930 3002 ΙΙ
972 2929 1010 2985 8
1047 2931 1210 2986 adice
1247 2933 1313 2987 et·
1343 2931 1495 3000 quod
1530 2932 1722 2987 Haase
1758 2931 1921 2987 adice
1961 2932 2111 3000 quod
2150 2936 2207 2987 et
2235 2937 2290 2987 A

243 2999 356 3053 adi.
416 2999 568 3067 quod
605 2999 728 3055 eius
761 3001 924 3056 Gertz
961 3001 1074 3056 adi.
1122 3002 1276 3070 quod
1306 3003 1431 3056 aevi
1458 3002 1731 3058 Schultess
1758 3003 1881 3072 (cfr.
1902 3003 2036 3058 dial.
2058 3005 2158 3058 IX
2181 3008 2235 3070 2,
2255 3009 2291 3057 6

237 3085 295 3138 p.
321 3073 452 3137 247,
478 3074 553 3125 28
589 3077 641 3125 et
673 3075 800 3138 248,
831 3074 886 3140 1)
923 3071 932 3144 Ι
971 3075 1032 3126 tc
1067 3075 1204 3142 vola.
1237 3073 1284 3126 85
1310 3074 1366 3128 A
1402 3073 1423 3145 ΙΙ
1458 3072 1495 3126 5
1522 3075 1726 3141 quotus
1755 3089 1893 3128 corr.
1924 3091 1993 3129 ex
2019 3074 2178 3128 cotiis
2206 3074 2291 3129 A²

241 3140 440 3195 deinde
467 3140 552 3196 A⁶
585 3141 606 3214 Η
641 3141 678 3195 6
713 3142 1051 3210 processerit
1086 3143 1250 3198 Gertz
1286 3145 1581 3198 recesserit
1606 3145 1662 3199 A
1698 3143 1719 3216 ΙΙ
1755 3143 1827 3199 12
1861 3145 1972 3198 tibi
2004 3161 2046 3200 s.
2076 3161 2127 3200 v.
2157 3144 2287 3199 add.

241 3211 328 3266 A⁸
341 3211 432 3283 (?)l
474 3211 546 3267 16
563 3213 802 3282 perditis
821 3214 877 3268 A
904 3213 1214 3284 inpenditis
1235 3215 1395 3269 Koch
1422 3215 1727 3283 impertitis
1754 3215 2023 3272 Schultess
2048 3215 2069 3288 Η
2095 3215 2163 3270 17
2186 3215 2289 3269 ali-

241 3283 377 3352 quoi
463 3290 573 3339 ertz
610 3285 801 3355 aliquo
828 3285 910 3341 A¹
939 3285 1111 3340 alicui
1131 3286 1214 3340 A⁶
1239 3286 1259 3357 ΙΙ
1297 3286 1367 3341 18
1396 3286 1471 3342 sit
1498 3288 1554 3342 A
1590 3287 1691 3354 cfr.
1722 3287 1856 3342 dial.
1889 3287 1989 3342 IV
2012 3291 2103 3354 27,
2128 3291 2167 3342 2
2203 3290 2290 3342 est

251 3357 574 3428 Wesenbery
615 3361 620 3426 ξ
664 3358 754 3412 De
789 3359 966 3412 verbis
1003 3360 1192 3412 omnia
1219 3359 1513 3425 tamquam
1547 3376 1621 3413 m.
1642 3361 1683 3413 t.
1712 3359 1833 3414 vide
1862 3364 2001 3428 quae
2028 3361 2289 3414 disserunt

245 3426 410 3482 Gertz
441 3429 505 3482 in
535 3428 660 3484 edit.
693 3435 744 3483 et
773 3430 893 3484 Joh.
919 3431 1132 3486 Malle-r
1157 3432 1220 3482 ἐπ
1247 3433 1385 3484 actis
1415 3431 1572 3484 acad.
1602 3431 1823 3486 Vindob.
1850 3431 2127 3486 CXVIII
2148 3435 2289 3485 1889

231 3515 294 3568 p.
311 3502 386 3552 20
410 3498 432 3570 Η
458 3498 528 3553 19
558 3501 965 3568 concupiscetis
986 3503 1041 3556 A
1069 3519 1206 3556 corr.
1237 3505 1373 3572 voly.
1401 3501 1422 3574 Η
1446 3502 1517 3556 22
1540 3511 1668 3572 post
1694 3503 1842 3556 sicut
1874 3503 2035 3556 Gertz
2062 3504 2127 3555 tu
2154 3500 2270 3555 add
