2544 3746
149 1054 205 1095 10

151 1500 206 1541 15

756 84 854 139 DE
892 83 1022 139 IRA
1058 84 1192 138 LIB.
1222 84 1318 141 111.
1384 84 1538 139 CAP.
1570 89 1654 140 39.
1684 90 1755 140 40
2093 100 2096 103 “
2158 88 2281 153 14Ἰ

238 230 683 315 creditumque
729 234 888 315 aput
932 231 1276 316 plerosque
1322 231 1520 295 robur
1565 230 1767 306 cadat.
1841 230 2146 317 indignor
2184 253 2287 297 me

238 320 532 386 hercules
591 324 658 385 et
713 341 848 385 non
906 320 1166 385 invenio
1223 318 1485 384 dolendi
1538 318 1829 403 modum,
1877 320 1989 386 sed
2035 324 2286 405 tempus

239 408 708 494 expectandum
764 412 888 493 est3
948 408 1126 473 dabit
1180 431 1452 493 poenas3
1510 430 1693 474 serva
1737 409 1912 475 istud
1956 410 2027 475 in
2071 411 2286 475 animo

238 504 385 563 tuoz
431 521 577 564 cum
612 498 930 583 potueris,
966 503 1033 563 et
1067 519 1187 582 pro
1226 519 1411 564 mora
1444 496 1713 564 reddes?
1786 500 2099 584 castigare
2135 522 2286 564 vero

241 588 624 653 irascentem
678 591 743 652 et
794 587 968 653 ultro
1025 587 1304 653 obirasci
1352 588 1621 653 incitare
1667 591 1790 671 est3
1850 589 2023 653 varie
2069 588 2297 674 adgre-'
2326 608 2358 655 2

241 677 437 743 dieris
502 677 892 761 blandeque,
962 676 1090 741 nisi
1160 676 1330 741 forte
1400 680 1583 741 tanta
1654 698 1931 761 persona
1992 678 2146 762 eris,
2217 682 2293 741 ut

241 768 455 851 possis
528 766 691 831 iram
757 766 1220 850 comminuere,
1287 765 1827 849 quemadmodum
1890 766 2047 832 fecit
2104 766 2290 831 divus

241 854 606 941 Augustus,
663 876 809 921 cum
865 858 1120 921 cenaret
1170 859 1331 940 aput
1374 852 1654 920 Vedium
1699 853 2077 921 Pollionem.
2170 856 2292 921 fre-

242 947 428 1031 gerat
461 967 628 1010 unus
667 966 746 1009 ex
783 944 982 1009 servis
1020 944 1158 1010 eius
1197 943 1671 1028 crustallinum3
1707 944 1850 1029 rapi
1882 947 2028 1009 eum
2048 944 2291 1009 Vedius

242 1034 434 1099 iussit
467 1056 549 1099 ne
585 1034 841 1119 vulgari
879 1033 1140 1118 quidem
1177 1055 1356 1098 more
1387 1034 1774 1118 periturumz
1811 1034 2093 1099 murenis
2122 1033 2293 1099 obici

243 1122 611 1208 iubebatur,
671 1144 830 1207 quas
891 1123 1172 1208 ingentis
1233 1123 1304 1187 in
1361 1122 1609 1205 piscina
1668 1123 2053 1188 continebat.
2146 1124 2291 1208 quis

241 1232 380 1277 non
423 1213 550 1277 hoc
594 1211 781 1276 illum
827 1214 1086 1297 putaret
1128 1212 1423 1276 luxuriae
1470 1232 1663 1277 causa
1697 1211 1951 1277 facere?
2028 1212 2295 1278 saevitia

241 1305 398 1367 erat.
491 1301 697 1365 evasit
752 1322 788 1365 e
851 1301 1147 1366 manibus
1207 1321 1369 1385 puer
1424 1304 1490 1365 et
1538 1300 1835 1387 confugit
1879 1300 1962 1366 ad
2006 1298 2293 1367 Caesaris
2331 1320 2363 1370 3

242 1389 440 1474 pedes
483 1389 652 1455 nihil
697 1390 872 1455 aliud
919 1390 1265 1474 petiturus,
1312 1410 1509 1474 quam
1553 1394 1628 1454 ut
1672 1390 1858 1455 aliter
1903 1390 2170 1475 periret,
2211 1411 2294 1456 ne

243 1502 392 1545 esca
449 1479 647 1545 fieret.
740 1482 954 1544 motus
1015 1483 1114 1545 est
1165 1479 1455 1544 novitate
1510 1478 1907 1545 crudelitatis
1954 1478 2187 1545 Caesar
2228 1483 2295 1545 et

243 1569 435 1633 illum
481 1568 741 1653 quidem
788 1568 987 1652 mitti,
1033 1568 1411 1634 crustallina
1455 1573 1670 1634 autem
1716 1569 1933 1635 omnia
1974 1590 2192 1634 coram
2228 1589 2295 1634 se

243 1658 464 1743 frangi
526 1658 716 1722 iussit
779 1658 1195 1741 conplerique
1259 1658 1592 1742 piscinam.
1693 1657 1820 1722 fuit
1884 1656 2139 1724 Caesari
2202 1658 2296 1724 sic
2330 1678 2365 1725 4

245 1746 660 1832 castigandus
699 1747 971 1831 amicus3
1014 1747 1177 1812 bene
1213 1768 1369 1811 usus
1408 1750 1505 1811 est
1538 1746 1786 1812 viribus
1825 1748 1983 1813 suist
2050 1746 2109 1813 ‘e
2146 1768 2295 1813 con-

244 1836 424 1902 vivio
471 1836 613 1921 rapi
658 1836 952 1902 homines
998 1837 1277 1921 imperas
1319 1839 1385 1902 et
1418 1837 1574 1901 novi
1611 1837 1861 1922 generis
1899 1837 2125 1922 poenis
2160 1836 2297 1902 lan·

247 1925 497 1992 cinari?
583 1927 638 1990 si
685 1927 854 1992 calix
898 1929 1048 1990 tuus
1094 1927 1339 1991 fractus
1386 1929 1508 2010 est,
1554 1927 1801 1992 viscera
1844 1927 2126 1992 hominis
2172 1927 2297 1991 dis-

246 2014 630 2080 trahentur?
718 2018 970 2080 tantum
1023 2014 1147 2079 tibi
1201 2014 1512 2101 placebis,
1566 2019 1642 2080 ut
1685 2016 1778 2080 ibi
1823 2016 2104 2101 aliquem
2150 2016 2297 2081 duci

247 2104 500 2186 iubeas,
544 2103 656 2169 ubi
705 2101 936 2169 Caesar
979 2101 1150 2168 est?'
1235 2104 1332 2169 sic
1376 2103 1481 2168 cui
1526 2107 1779 2170 tantum
1820 2105 2147 2189 potentiae
2183 2108 2297 2187 est,
2335 2125 2368 2172 5

247 2196 326 2258 ut
372 2193 534 2257 iram
580 2214 660 2257 ex
705 2191 1032 2276 superiore
1075 2192 1224 2258 loco
1267 2192 1533 2279 adgredi
1568 2193 1801 2277 possit,
1846 2193 2014 2258 male
2050 2196 2299 2276 tractet,

249 2285 322 2346 at
379 2283 576 2347 talem
637 2280 996 2364 dumtaxat,
1057 2283 1314 2366 qualem
1374 2282 1568 2347 modo
1614 2283 1862 2366 rettuli,
1907 2284 2139 2367 feram,
2181 2283 2298 2347 im-

250 2393 536 2456 manem,
593 2371 1098 2456 sanguinariam,
1158 2394 1321 2456 quae
1380 2372 1510 2436 iam
1566 2372 1939 2437 insanabilis
1996 2376 2121 2455 est,
2173 2372 2298 2436 nisi

250 2461 462 2526 maius
509 2459 754 2544 aliquid
800 2460 1115 2526 extimuit.

435 2670 467 2724 1
509 2670 695 2726 cadat.
736 2670 902 2726 alteri
947 2670 1212 2741 indignor
1253 2672 1337 2738 A,
1384 2671 1479 2727 sed
1520 2670 1687 2726 alteri
1724 2672 1951 2740 punctis
1984 2685 2215 2740 superne
2251 2677 2302 2726 et

249 2743 474 2810 infame
509 2742 720 2798 additis
754 2743 986 2798 deletum
1021 2749 1128 2809 απ,-
1163 2744 1228 2797 in
1264 2741 1321 2796 L
1354 2759 1470 2798 non
1506 2743 1705 2813 leyitwr
1734 2742 1771 2815 .ΙΙ
1818 2741 1856 2795 8
1886 2749 2015 2812 post
2047 2742 2203 2796 istud
2238 2744 2302 2797 in

251 2813 313 2868 A
343 2829 529 2882 parva
562 2830 765 2869 raswra
801 2820 878 2869 est
924 2813 946 2886 ΙΙ
993 2812 1030 2868 4
1073 2814 1327 2883 potueris
1364 2814 1448 2882 A,
1492 2815 1587 2870 aed
1621 2831 1662 2867 u
1696 2830 1738 2869 8.
1762 2831 1812 2869 v.
1842 2814 1971 2868 add.
2008 2815 2135 2882 fort.
2165 2813 2250 2868 A²
2281 2814 2303 2884 u

251 2883 291 2938 8
330 2887 404 2953 (et
438 2882 530 2953 16)
570 2885 962 2939 crustallinum
989 2886 1046 2940 A
1082 2885 1184 2951 cfr.
1215 2886 1369 2954 epist.
1401 2889 1580 2953 123,7
1607 2887 1689 2955 (p.
1720 2888 1949 2954 588,19)
1985 2885 2007 2957 ΙΙ
2042 2884 2113 2939 10
2148 2902 2301 2939 more

252 2955 314 3009 A
367 2957 550 3010 morte
603 2957 740 3026 volq.
795 2956 817 3028 ΙΙ
868 2955 941 3010 20
991 2955 1303 3027 sicalixltu's
1350 2956 1435 3011 A¹
1486 2973 1624 3012 corr.
1670 2957 1798 3024 tort.
1836 2957 2024 3012 eadem
2067 2973 2239 3011 manu
2281 2955 2305 3028 ss

250 3024 330 3080 22
367 3025 450 3081 sic
487 3026 580 3080 cui
615 3043 684 3080 ex
720 3038 754 3080 ς
794 3027 956 3082 Gertz
993 3027 1136 3081 sicui
1163 3027 1235 3082 A.
1295 3028 1442 3083 hanc
1470 3029 1891 3098 paranymphum
1926 3029 2030 3097 (5),
2066 3045 2206 3096 quae
2240 3030 2305 3082 in

253 3095 590 3152 editionibus
625 3099 780 3168 volyo
806 3100 998 3168 prima
1033 3100 1234 3168 eapitis
1260 3103 1331 3153 41
1364 3105 1465 3167 est,
1492 3100 1865 3168 superioribus
1891 3099 2303 3168 adiumyendam

253 3174 311 3224 et
343 3169 477 3223 novi
511 3170 712 3238 capitis
746 3175 797 3225 et
831 3170 1033 3240 epiloyi
1066 3171 1294 3225 initium
1320 3187 1359 3224 a
1383 3171 1426 3242 5
1450 3174 1489 3224 2
1537 3169 1743 3226 Pacem
1773 3170 1969 3225 demus
1998 3171 2185 3225 animo
2218 3213 2230 3224 .
2255 3213 2266 3224 .
2290 3215 2299 3225 .

253 3239 586 3294 ordiendum
621 3255 732 3296 esse
767 3240 955 3297 docuit
991 3240 1155 3296 Gertz
1190 3241 1336 3296 stud.
1368 3243 1488 3297 crit.
1519 3258 1580 3310 p.
1612 3244 1803 3311 102sq.
1813 3262 1836 3309 ;
1871 3243 1987 3296 iam
2020 3258 2134 3297 non
2169 3258 2305 3311 opus

252 3326 370 3366 esse
419 3317 652 3380 amaret
702 3312 934 3368 lammae
982 3313 1182 3384 siquis,
1234 3329 1375 3382 quae
1424 3313 1694 3368 Gruterus
1738 3320 1791 3369 et
1826 3313 2059 3382 Lipsius
2096 3315 2163 3367 in
2195 3315 2304 3380 fine

253 3380 362 3507 {eff
479 3388 530 3437 st
561 3381 728 3439 verba
765 3383 878 3446 nisi
913 3384 1098 3439 maius
1135 3383 1356 3452 aliquid
1392 3383 1670 3439 extimuit.
1724 3389 2026 3455 posuerant
2070 3383 2093 3455 ΙΙ
2134 3381 2208 3438 24
2244 3386 2306 3438 at

350 3495 363 3507 .
480 3467 618 3510 onov

1776 3562 1879 3616 10⁸
