2544 3746
735 70 832 124 DE
871 70 996 123 IRA
1031 69 1164 124 LIB.
1194 68 1235 125 I.
1305 67 1459 124 CAP.
1493 74 1573 123 13.
1608 75 1689 125 14.
1724 75 1791 124 15
2196 72 2278 138 61

240 219 528 283 am'mum
575 220 639 282 et
673 217 980 302 ignavum
1017 216 1310 300 paullum
1346 215 1660 281 adlevant.
1724 238 1912 281 nemo
1951 216 2281 282 irascendo
2321 233 2353 282 5

240 308 318 372 fit
363 307 620 390 fortior,
663 307 791 370 nisi
838 306 953 389 qui
997 305 1184 371 fortis
1233 305 1369 369 sine
1416 305 1513 369 ira
1547 327 1681 371 non
1716 305 1957 371 fuisset.
2023 307 2116 370 ita
2149 326 2285 370 non

239 397 310 461 in
355 395 746 461 adiutorium
791 395 1051 460 virtutis
1089 395 1290 477 venit,
1337 394 1450 459 sed
1493 395 1565 460 in
1599 395 1821 459 vicem.
1889 394 2045 479 quid
2092 395 2282 479 quod,

240 487 298 550 si
331 485 575 550 bonum
605 485 815 550 esset
798 507 920 568 ira,
957 483 1497 569 perfectissimum
1526 506 1843 568 quemque
1872 483 2286 569 sequeretur?

177 595 203 635 ι»
240 575 424 660 atqui
467 574 941 640 iracundissimi
986 573 1261 638 infantes
1310 594 1617 657 senesque
1664 577 1730 638 et
1773 576 1951 660 aegri
1998 577 2173 657 sunt,
2220 577 2284 638 et

240 664 597 728 invalidum
634 685 823 728 omne
868 666 1098 727 natura
1143 663 1485 746 querulum
1532 666 1643 727 est.

419 751 594 818 XIV.
656 751 830 818 ‘Non
881 750 1118 836 potest'
1162 752 1379 835 inquit
1424 750 1611 816 fieri'
1657 751 2138 836 Theophrastus
2186 750 2284 815 ut
2323 769 2351 818 1

237 863 372 906 non
417 843 519 908 vir
561 842 769 907 bonus
815 841 1128 906 irascatur
1170 840 1403 906 malis?
1463 841 1591 905 isto
1638 841 1831 906 modo
1880 863 2008 924 quo
2055 841 2283 906 melior

239 932 540 1015 quisque,
594 931 720 996 hoc
774 930 1140 996 iracundior
1187 930 1335 994 erit:
1381 929 1525 994 vide
1570 952 1653 996 ne
1698 935 1925 996 contra
1968 930 2284 1015 placidior

150 1042 202 1081 ιο
239 1022 618 1104 solutusque
673 1019 1004 1085 affectibus
1053 1022 1116 1084 et
1161 1020 1268 1085 cui
1312 1040 1502 1084 nemo
1559 1019 1709 1084 odio
1764 1020 1865 1084 sit.
1956 1020 2281 1121 peccantis
2320 1035 2352 1084 2

213 1132 391 1174 ·vero
459 1109 615 1193 quid
677 1109 871 1173 habet
924 1131 1039 1174 cur
1088 1108 1321 1190 oderit,
1386 1114 1534 1172 cuin
1590 1129 1767 1172 error
1811 1108 1959 1173 illos
2005 1109 2075 1172 in
2119 1109 2283 1172 eius·

240 1198 417 1264 modi
472 1198 706 1268 delicta
750 1197 1118 1282 conpellat?
1206 1219 1342 1262 non
1395 1201 1494 1263 est
1548 1200 1761 1262 autem
1808 1197 2141 1282 prudentis
2188 1219 2281 1262 01·-

238 1289 442 1352 rantis
489 1286 726 1372 odisse3
771 1287 1016 1370 alioqui
1058 1287 1199 1371 ipse
1245 1286 1371 1351 sibi
1417 1286 1567 1352 odio
1606 1287 1741 1351 erit.
1808 1287 2051 1372 cogitet
2088 1307 2281 1371 quam

240 1377 445 1442 multa
489 1381 714 1442 contra
757 1377 1000 1441 bonum
1045 1397 1292 1442 morem
1337 1375 1563 1459 faciat,
1611 1397 1806 1460 quam
1850 1378 2056 1441 multa
2090 1398 2171 1440 ex
2206 1376 2279 1456 is,

151 1491 201 1531 15
241 1487 403 1550 quae
451 1467 611 1552 egit,
647 1466 900 1541 veniam
937 1455 1322 1530 desiderent.
1367 1466 1499 1530 iam
1544 1426 1855 1536 irascetur
1899 1467 2093 1531 etiam
2138 1465 2277 1530 sibi.

237 1577 448 1640 neque
494 1557 663 1619 enim
709 1576 896 1620 aecus
935 1555 1129 1620 iudex
1172 1555 1366 1619 aliam
1414 1555 1491 1619 de
1538 1577 1678 1639 sua,
1726 1556 1919 1620 aliam
1957 1555 2035 1619 de
2072 1554 2281 1620 aliena

239 1666 434 1710 causa
487 1646 866 1709 sententiam
912 1643 1052 1709 fert.
1144 1666 1362 1727 nemo,
1423 1645 1713 1727 inquam,
1760 1644 2121 1710 invenietur
2168 1645 2280 1728 qui
2318 1661 2349 1708 3

239 1756 304 1798 se
351 1733 559 1818 possit
605 1734 958 1817 absolvere,
1006 1737 1071 1798 et
1115 1735 1523 1798 innocentem
1571 1733 1842 1817 quisque
1881 1755 1947 1798 se
1985 1733 2143 1799 dicit
2186 1754 2279 1797 re-

237 1824 516 1909 spiciens
576 1825 830 1908 testem,
888 1844 1023 1889 non
1078 1823 1552 1889 conscientiam.
1647 1827 1888 1907 quanto
1936 1821 2277 1887 humanius

149 1938 202 1978 10
225 1914 462 1979 mitem
502 1915 567 1977 et
601 1914 884 1996 patrium
920 1913 1206 1977 animum
1233 1916 1559 1997 praestare
1587 1913 2001 1996 peccantibus
2029 1916 2095 1977 et
2130 1912 2279 1976 illos

236 2023 370 2066 non
415 2002 738 2086 persequi,
759 2070 766 2077 ,
787 2002 897 2067 sed
940 2002 1265 2066 revocare!
1338 2004 1655 2066 errantem
1701 2024 1818 2085 per
1863 2022 2051 2086 agros
2099 2001 2281 2086 igno-

238 2090 448 2156 rantia
491 2090 632 2155 viae
685 2092 915 2156 melius
971 2093 1068 2155 est
1113 2091 1196 2155 ad
1240 2094 1487 2156 rectum
1534 2091 1655 2154 iter
1700 2090 2036 2155 admovere
2084 2111 2277 2173 quam

238 2202 272 2245 e
364 2180 573 2244 ellere.

273 2202 362 2265 xp
416 2267 561 2334 XV.
609 2266 1036 2354 Corrigendus
1102 2272 1200 2333 est
1261 2269 1506 2351 itaque,
1573 2268 1685 2351 qui
1749 2272 1998 2353 peccat,
2056 2272 2119 2332 et
2173 2267 2279 2331 ad·
2320 2285 2346 2333 1

151 2382 201 2422 25
235 2357 592 2422 monitione
639 2361 702 2421 et
747 2358 840 2441 vi,
895 2361 961 2422 et
1005 2357 1288 2423 molliter
1333 2362 1397 2422 et
1442 2379 1689 2441 aspere,
1744 2358 2099 2440 meliorque
2144 2360 2279 2420 tam

237 2446 361 2510 sibi
427 2467 621 2530 quam
687 2446 831 2511 aliis
886 2445 1216 2511 faciendus
1271 2468 1404 2511 non
1458 2448 1595 2511 sine
1655 2446 2101 2532 castigatione,
2169 2444 2279 2509 sed

237 2534 374 2599 sine
421 2534 545 2618 ira3
603 2535 748 2618 quis
795 2536 967 2600 enim
1013 2536 1117 2601 cui
1163 2536 1453 2600 medetur
1497 2535 1837 2600 irascitur?
1928 2538 1995 2599 at
2040 2534 2279 2619 corrigi

236 2627 567 2707 nequeunt
621 2624 914 2708 nihilque
973 2625 1044 2688 in
1102 2624 1233 2689 illis
1292 2625 1435 2689 lene
1482 2628 1596 2689 aut
1642 2625 1779 2709 spei
1821 2624 2027 2689 bonae
2075 2644 2279 2707 capax

238 2716 360 2777 est:
425 2713 740 2777 tollantur
784 2735 818 2777 0
865 2717 1053 2778 coetu
1117 2714 1487 2778 mortalium
1551 2714 1783 2779 facturi
1838 2714 2059 2797 peiora
2114 2734 2277 2796 quae

150 2828 201 2867 so
237 2802 649 2887 contingunt,
707 2807 770 2866 et
829 2824 958 2885 quo
1017 2824 1146 2867 uno
1203 2803 1396 2868 modo
1452 2806 1724 2904 possunt
1778 2802 2070 2866 desinant
2123 2802 2278 2865 mali

236 2912 400 2975 esse,
463 2891 574 2955 sed
629 2890 756 2956 hoc
816 2892 951 2967 sine
1012 2892 1177 2956 odio.
1272 2892 1429 2976 quid
1474 2893 1645 2957 enim
1691 2895 1812 2975 est,
1873 2912 1988 2956 cur
2034 2890 2277 2955 oderim
2314 2907 2344 2955 2

359 3026 450 3083 1
481 3028 754 3084 adleuant
783 3046 918 3085 corr.
948 3032 1012 3084 in
1040 3030 1142 3084 all·
1169 3031 1299 3097 fort.
1326 3030 1411 3085 A¹
1436 3030 1456 3103 ΙΙ
1487 3031 1517 3086 7
1546 3031 1906 3099 theoprastus
1934 3030 2022 3095 A;
2047 3029 2279 3097 fue-runt

235 3102 334 3171 qui
381 3116 581 3155 nomen
629 3102 811 3157 abesse
827 3102 1108 3229 2mallent:
1154 3104 1395 3170 frustra,
1440 3109 1505 3157 ut
1554 3102 1761 3157 Vahlen
1805 3102 2041 3156 ostendit
2087 3102 2275 3156 Herm.

237 3172 429 3227 XXX
453 3174 786 3243 (1895)pa9
867 3173 956 3245 71
993 3173 1063 3228 10
1089 3174 1379 3242 peccantis
1408 3174 1464 3229 A
1492 3174 1587 3228 sed
1613 3191 1651 3226 n
1676 3190 1717 3227 ε.
1738 3191 1787 3227 v.
1807 3174 1935 3228 add.
1955 3173 2083 3239 fort.
2105 3190 2172 3226 m.
2199 3178 2277 3225 1
2256 3172 2277 3243 l}

237 3242 308 3297 14
342 3244 394 3298 is
431 3244 714 3299 Rossbach
749 3177 866 3314 (ils
940 3246 1209 3316 esenbery)
1247 3245 1338 3298 his
1374 3246 1429 3299 A
1478 3244 1499 3317 ΙΙ
1548 3243 1619 3298 16
1656 3260 1787 3317 ecus
1825 3243 1908 3299 A¹
1942 3244 2035 3298 sed
2072 3260 2103 3297 c
2139 3245 2203 3297 in
2239 3262 2277 3311 q

236 3321 366 3370 mut.
399 3314 486 3369 A²
518 3315 540 3387 Η
574 3314 644 3368 21
674 3321 803 3383 post
835 3317 1099 3385 persequi
1133 3332 1272 3371 eras.
1314 3332 1373 3369 se
1409 3322 1511 3370 aut
1546 3333 1571 3369 s
1607 3318 1671 3369 in
1699 3315 1754 3370 A
1788 3316 1809 3387 Η
1843 3314 1915 3368 22
1952 3315 2026 3367 ad
2059 3316 2275 3368 rectum

237 3384 345 3439 iter
371 3382 427 3441 L
464 3392 514 3440 et
549 3386 686 3454 υοῑ9.
727 3385 992 3441 affectum
1029 3387 1141 3441 iter
1164 3387 1221 3442 A
1259 3386 1281 3459 ΙΙ
1324 3386 1395 3441 28
1431 3386 1556 3442 lene
1594 3399 1628 3440 ς
1663 3384 1789 3440 1οι10
1817 3387 1872 3440 A
1908 3385 1927 3457 Ι
1973 3384 2042 3439 31
2082 3384 2182 3439 sed
2219 3388 2276 3439 et

237 3456 341 3511 hoc
377 3457 500 3511 sine
539 3456 670 3511 odio
707 3458 826 3513 Joh.
859 3458 1072 3514 Mu'ller
