2544 3746
143 992 199 1033 10

141 1438 199 1479 15

716 20 818 76 DE
852 19 983 77 IRA
1017 20 1151 76 LIB.
1180 20 1248 77 11.
1316 20 1472 77 CAP.
1504 26 1589 78 18.
1622 26 1705 76 19.
1736 24 1805 76 20
2198 22 2288 89 89

233 167 457 256 frigidi
503 167 784 235 mixtura
821 167 1084 234 timidos
1121 167 1306 233 facit:
1354 167 1616 252 pigrum
1654 169 1755 230 est
1789 165 1961 231 enim
2000 169 2285 231 contrac-

233 262 508 341 tumque
551 257 777 346 frigus.
849 257 1084 322 volunt
1126 256 1348 340 itaque
1396 254 1657 339 quidam
1704 276 1785 321 ex
1834 254 2073 321 nostris
2123 255 2283 321 iram
2320 274 2353 323 3

233 347 306 412 in
367 350 630 431 pectore
693 344 941 411 moveri
1003 344 1459 411 effervescente
1530 343 1700 410 circa
1772 365 1885 411 cor
1946 344 2284 431 sanguine3

235 457 431 503 causa
493 458 610 504 cur
666 435 775 501 hic
833 434 1247 520 potissimum
1310 432 1686 521 adsignetur
1738 434 1869 500 irae
1922 434 2107 522 locus
2151 455 2286 500 non

235 523 365 590 alia
427 530 556 609 est,
619 536 823 609 quam·
881 523 1057 609 q‘uod
1119 523 1190 589 in
1261 526 1405 589 toto
1479 545 1748 609 corpore
1822 522 2284 589 calidissimum

234 618 468 699 pectus
517 617 636 679 est.
727 612 963 698 quibus
1008 612 1214 679 umidi
1258 613 1409 699 plus
1454 613 1654 696 inest,
1705 633 1927 678 eorum
1971 612 2285 699 paulatim
2322 632 2357 682 4

236 705 468 771 crescit
520 704 646 787 ira,
701 702 854 788 quia
905 724 1040 769 non
1089 706 1190 769 est
1233 705 1499 787 paratus
1545 701 1677 767 illis
1724 703 1901 767 calor
1945 702 2058 769 sed
2103 706 2287 767 motu

234 792 624 877 adquiritur:
695 793 916 878 itaque
968 813 1319 878 puerorum
1373 791 1889 876 feminarumque
1931 790 2065 858 irae
2110 812 2287 858 acres

234 882 444 969 magis
511 903 705 966 quam
770 902 998 968 graves
1061 886 1216 947 sunt
1272 879 1678 966 levioresque
1736 880 1891 947 dum
1948 880 2285 966 incipiunt.

234 972 424 1039 siccis
471 970 789 1037 aetatibus
833 969 1180 1036 vehemens
1224 969 1622 1055 robustaque
1669 974 1771 1036 est
1813 970 1937 1054 ira,
1991 970 2104 1037 sed
2149 971 2286 1037 sine

232 1062 660 1140 incremento,
714 1079 849 1125 non
897 1059 1177 1125 multum
1222 1058 1350 1125 sibi
1394 1058 1703 1142 adiciens,
1751 1058 1905 1144 quia
1947 1058 2288 1125 inclinatu-

231 1172 383 1215 rum
421 1151 702 1217 calorem
729 1147 938 1235 frigus
964 1148 1354 1233 insequitur:
1400 1169 1584 1215 senes
1612 1147 1911 1215 difficiles
1938 1152 2005 1214 et
2033 1148 2288 1233 queruli

233 1243 417 1323 sunt,
461 1242 538 1303 ut
583 1237 760 1325 aegri
804 1242 870 1303 et
910 1239 1430 1305 convalescentes
1467 1243 1533 1304 et
1570 1258 1846 1323 quornm
1884 1241 1998 1304 aut
2031 1237 2289 1304 lassitu-

235 1330 386 1395 dine
442 1331 557 1392 aut
610 1325 1004 1394 detractione
1049 1326 1384 1413 sanguinis
1430 1328 1780 1393 exhaustus
1827 1331 1927 1393 est
1972 1328 2175 1413 calor;
2218 1326 2289 1392 in
2319 1342 2357 1393 ὅ

233 1416 462 1484 eadem
526 1438 719 1483 causa
776 1421 930 1482 sunt
989 1415 1102 1519 siti
1154 1416 1489 1520 fameque·
1514 1416 1718 1484 tabidi
1773 1420 1841 1482 et
1894 1417 2128 1520 quibus
2183 1438 2288 1482 ex-

234 1506 2021 1681 {3302311203'332232&52350133831315‘03122333
2056 1527 2288 1661 33:2²3

236 1685 502 1769 quidam
559 1684 720 1749 ebrii
775 1684 1224 1769 effervescunt,
1270 1684 1533 1769 quidam
1588 1684 1806 1750 saucii.
1897 1707 2107 1769 neque
2152 1685 2288 1749 ulla

233 1774 366 1839 alia
429 1794 623 1840 causa
685 1778 812 1857 est,
873 1794 990 1840 cur
1040 1773 1517 1840 iracundissimi
1568 1774 1700 1840 sint
1753 1773 1904 1839 flavi
1958 1774 2287 1840 rubentes·
2407 1840 2411 1844 .
2455 1768 2473 1785 ”

238 1886 394 1948 que,
440 1862 675 1949 quibus
729 1862 880 1930 talis
933 1866 1166 1929 natura
1211 1863 1392 1930 color
1435 1866 1562 1948 est,
1615 1864 1824 1950 qualis
1870 1863 2013 1930 fieri
2059 1863 2288 1930 ceteris
2356 1863 2359 1865 ’

235 1954 409 2018 inter
450 1954 614 2018 iram
669 1955 861 2037 solet3
914 1953 1176 2019 mobilis
1241 1954 1412 2019 enim
1477 1953 1606 2019 illis
1671 1953 2082 2040 agitatusque
2146 1974 2288 2019 san-

334 2041 347 2056 ‘
431 2046 544 2108 est.

233 2063 384 2130 gum
418 2131 559 2196 XX.
609 2127 737 2196 Sed
775 2131 1319 2215 quemadmodum
1355 2135 1588 2197 natura
1615 2132 1929 2216 quosdam
1967 2131 2285 2217 proclives
2325 2147 2352 2196 1

235 2221 309 2286 in
367 2220 527 2285 iram
587 2219 774 2304 facit,
832 2220 926 2286 ita
970 2220 1214 2286 multae
1259 2218 1555 2287 incidunt
1600 2241 1859 2305 causae,
1902 2243 2069 2307 quae
2114 2221 2284 2287 idem

235 2309 495 2395 possint
530 2308 703 2394 quod
739 2313 997 2376 natura:
1044 2308 1208 2376 alios
1243 2310 1511 2376 morbus
1539 2313 1653 2376 aut
1678 2310 1914 2378 iniuria
1941 2331 2285 2396 corporum

235 2399 309 2464 in
368 2397 497 2464 hoc
558 2398 890 2484 perduxit,
951 2398 1114 2464 alios
1172 2399 1360 2465 labor
1418 2403 1533 2465 aut
1585 2399 1894 2465 continua
1946 2399 2287 2486 pervigilia

234 2491 592 2572 noctesque
651 2487 967 2554 sollicitae
1026 2490 1094 2552 et
1125 2487 1466 2554 desideria
1518 2509 1923 2574 amoresque3
1972 2488 2286 2573 quidquid

235 2575 416 2641 aliud
475 2580 590 2641 aut
648 2576 904 2660 corpori
957 2575 1184 2642 nocuit
1237 2581 1352 2642 aut
1404 2576 1652 2662 animo,
1695 2598 1953 2664 aegram
2000 2581 2283 2643 mentem

235 2665 308 2729 in
373 2664 691 2750 querellas
752 2668 956 2750 parat.
1055 2664 1167 2731 sed
1227 2665 1447 2731 omnia
1502 2665 1629 2732 ista
1684 2665 1872 2732 initia
1930 2686 2286 2750 causaeque
2320 2681 2352 2730 2

420 2819 453 2875 1
491 2819 634 2876 facit
667 2822 830 2876 uncis
863 2823 1094 2877 inclusit
1119 2822 1312 2890 Gertz,
1348 2824 1413 2877 in
1447 2820 1623 2878 faciet
1656 2825 1894 2879 mutavit
1919 2824 2241 2894 Wesenberg,
2266 2825 2286 2896 ΙΙ

233 2891 274 2946 8
294 2898 426 2961 post
448 2894 678 2961 pectore
701 2908 884 2962 parva
908 2909 1112 2950 rasura
1137 2895 1202 2948 in
1224 2895 1281 2949 A
1307 2899 1387 2949 eet
1414 2893 1421 2966 Ι
1456 2893 1595 2949 effer
1619 2895 1877 2950 uescenti
1893 2895 1949 2950 A
1974 2894 1996 2967 Η
2020 2895 2057 2950 9
2084 2910 2285 2966 graue-

236 2965 374 3016 sunt
399 2963 502 3030 ΑΙ,
537 2979 676 3019 corr.
705 2981 775 3019 m.
804 2979 908 3018 rec.
944 2962 966 3035 ΙΙ
1001 2963 1074 3020 10
1109 2963 1276 3019 siccis
1312 2963 1563 3051 ρῢᾳῒίζὶυε
1589 2965 1716 3021 AL
1731 2967 1899 3050 ‚vquw
1926 2967 2073 3050 quod
2097 2983 2286 3070 ver-un?

235 3034 1333 3176 ᾓῶἑεῖῳῳξωῗὲῗῖαέζῗῖι
1346 3051 1511 3180 'iffi‘
1536 3036 2284 3190 15121122‘3133-„233‘1331'1‘1522

234 3177 360 3231 tum
398 3177 457 3233 A
499 3176 598 3232 sed
630 3193 807 3246 supra
852 3178 914 3232 at
953 3177 1173 3248 aliquid
1205 3195 1426 3236 erasum
1462 3185 1567 3247 est,
1600 3181 1721 3237 sine
1754 3180 1927 3236 dubio
1959 3180 2104 3236 alud
2146 3198 2217 3235 ur
2263 3180 2286 3253 ΙΙ

235 3247 308 3305 15
352 3247 543 3303 tabidi
589 3247 757 3304 Gertz
805 3248 995 3304 rabidi
1034 3251 1093 3307 A
1140 3248 1162 3323 ΙΙ
1214 3249 1284 3306 Π
1323 3252 1520 3335 augetg
1565 3268 1669 3336 pro
1706 3268 1752 3307 c.
1783 3269 1836 3306 n.
1874 3253 2073 3324 interp.
2117 3252 2286 3309 Gertz

232 3322 654 3448 {fflbffiss
678 3337 764 3448 ,ἴε
787 3340 818 3464 ἶ,
844 3321 921 3448 {⁴⁵2
935 3319 1664 3466 ⁶{t”332⁹1·‹1‹!1'u31⁵1:¹¹¹3¹¹5259
1678 3330 1836 3394 ΨΜ
1889 3325 1972 3381 w.
2006 3324 2219 3380 amn
2264 3323 2286 3396 '¹
