2544 3746
305 62 437 131 202
685 58 746 115 L.
776 58 1061 114 ANNAEI
1098 57 1427 113 SENECAE
1462 57 1653 114 DIAL.
1683 57 1816 115 Lm.
1845 56 1967 113 vn.

303 210 379 271 ut
423 227 556 271 non
601 206 870 272 honeste
918 224 1189 289 quoque.
1263 224 1397 269 non
1440 202 1627 269 video
1676 203 2001 288 quomodo
2046 203 2175 271 ista
2206 208 2343 271 tam

305 295 557 361 diversa
610 296 680 361 in
725 293 990 361 eandem
1037 292 1337 378 copulam
1383 291 1753 359 coiciantur.
1846 292 2002 378 quid
2047 299 2171 380 est,
2226 316 2342 361 oro

305 406 450 469 vos,
495 406 609 452 cur
653 382 934 469 separari
978 381 1277 467 voluptas
1306 393 1362 446 'a
1405 381 1643 448 virtute
1686 403 1821 449 non
1862 382 2115 468 possit?
2170 383 2344 452 vide-

302 474 484 558 licet,
543 473 693 558 quia
748 494 938 537 omne
990 471 1180 538 bonis
1234 494 1317 537 ex
1359 470 1618 537 virtute‘
1642 470 2032 557 principium
2078 477 2204 557 est,
2263 497 2346 540 ex

302 563 496 629 huius
555 561 875 628 radicibus
931 560 1124 625 etiam
1180 581 1283 644 ea,
1341 581 1505 645 quae
1558 581 1673 625 vos
1730 564 1795 625 et
1853 561 2081 627 amatis
2128 567 2194 627 et
2240 586 2343 629 ex·
2404 584 2431 624 s

302 651 556 737 petitis,
614 649 952 716 oriuntur?
1051 648 1162 715 sed
1221 648 1280 714 si
1336 649 1465 715 ista
1514 648 1860 717 indiscreta
1912 654 2152 735 essent,
2208 674 2342 717 non

303 740 662 807 videremus
683 739 995 825 quaedam
1014 737 1295 805 iucunda
1312 738 1425 804 sed
1441 736 1637 824 <non
1650 738 1700 823 >
1719 738 2009 825 honesta,
2026 741 2341 825 quaedam

302 851 456 896 vero
517 828 972 895 honestissima
1035 827 1148 893 sed
1205 848 1456 913 aspera,
1517 849 1635 913 per
1694 827 1945 895 dolores
2010 828 2341 917 exigenda.

233 934 264 983 2
302 918 481 986 adice
525 939 728 1002 nunc,
772 916 946 1004 quod
982 916 1281 1002 voluptas
1319 916 1512 982 etiam
1548 916 1629 982 ad
1664 916 1864 983 vitam
1899 918 2343 1003 turpissimam

301 1008 506 1092 venit,
550 1010 617 1073 at
660 1008 866 1073 virtus
910 1006 1148 1071 malam
1191 1005 1393 1072 vitam
1429 1026 1563 1071 non
1600 1005 1909 1091 admittit,
1954 1010 2019 1073 et
2054 1008 2342 1075 infelices
2378 1029 2433 1070 ιο

302 1096 565 1182 quidam
600 1117 734 1161 non
770 1096 907 1161 sine
942 1095 1305 1180 voluptate,
1341 1093 1541 1160 immo
1579 1095 1662 1162 ob
1698 1094 1906 1181 ipsam
1942 1096 2344 1183 voluptatem

302 1190 480 1270 sunt,
534 1185 708 1271 quod
760 1206 895 1251 non
949 1185 1260 1268 eveniret,
1322 1182 1380 1249 si
1421 1183 1649 1250 virtuti
1697 1205 1767 1251 se
1810 1183 2110 1271 voluptas
2156 1186 2345 1253 inmi-

231 1289 264 1340 3
302 1274 599 1359 scuisset,
634 1297 764 1361 qua
787 1274 992 1339 virtus
1025 1294 1214 1358 saepe
1241 1276 1443 1357 caret,
1475 1295 1830 1359 numquam
1856 1273 2121 1362 indiget.
2187 1275 2345 1361 quid

301 1363 667 1447 dissimilia,
719 1362 918 1429 immo
966 1361 1218 1428 diversa
1261 1361 1695 1446 componitis?
1782 1364 1987 1429 altum
2034 1363 2344 1448 quiddam

300 1457 399 1519 est
451 1453 686 1536 virtus,
738 1452 1060 1518 excelsum
1115 1454 1180 1517 et
1221 1452 1466 1538 regale,
1517 1450 1861 1536 invictum,
1910 1448 2344 1539 infatigabile:
2379 1472 2430 1514 ιε

299 1543 600 1626 voluptas
653 1540 926 1623 humile,
985 1539 1241 1623 servile,
1294 1538 1696 1624 inbecillum,
1752 1540 2092 1625 caducum,
2155 1542 2342 1609 cuius

299 1630 492 1697 statio
529 1652 606 1697 ac
643 1629 1040 1697 domicilium
1076 1628 1353 1695 fornices
1390 1632 1455 1693 et
1490 1628 1767 1714 popinae
1794 1634 1959 1696 sunt.
2034 1630 2346 1699 virtutem

298 1720 370 1785 in
439 1720 684 1805 templo
751 1718 1119 1803 convenies,
1186 1718 1257 1784 in
1319 1717 1461 1784 foro
1473 1768 1493 1802 ,
1564 1717 1636 1783 in
1681 1718 1885 1805 curia,
1952 1741 2073 1805 pro
2140 1720 2344 1787 muris

301 1812 606 1895 stantem,
657 1808 1198 1894 pulverulentam,
1251 1808 1632 1892 coloratam,
1678 1808 1947 1876 callosas
1973 1808 2342 1878 'habentem

299 1920 555 1965 manus:
599 1899 997 1983 voluptatem
1043 1897 1405 1963 latitantem
1452 1897 1706 1983 saepius
1752 1919 1829 1965 ac
1862 1899 2157 1965 tenebras
2196 1922 2342 1985 cap·
2378 1919 2429 1960 ιο

298 1991 544 2054 tantem
617 1987 788 2054 circa
857 1986 1110 2053 balinea
1180 2008 1257 2053 ac
1330 1985 1658 2052 sudatoria
1726 2008 1803 2053 ac
1862 1986 2009 2054 loca
2067 1988 2344 2055 aedilem

300 2076 679 2161 metuentia,
751 2077 1042 2160 mollem,
1112 2097 1437 2159 enervem,
1506 2097 1682 2142 mero
1748 2079 1941 2162 atque
2004 2083 2342 2166 unguento

299 2166 693 2249 madentem,
771 2165 1078 2251 pallidam
1161 2169 1274 2231 aut
1353 2164 1638 2231 fucatam
1710 2169 1779 2231 et
1854 2166 2342 2235 medicamentis

227 2270 262 2318 4
297 2255 695 2341 pollinctam.
805 2276 1131 2320 summum
1202 2255 1447 2320 bonum
1510 2254 1875 2322 immortale
1936 2261 2064 2340 est,
2134 2259 2345 2324 nescit

300 2345 471 2409 exire
507 2365 655 2411 ·nec
724 2344 1084 2410 satietatem
1150 2342 1347 2409 habet
1411 2365 1531 2409 nec
1599 2344 2085 2429 paenitentiam:
2157 2369 2346 2414 num-
2378 2363 2427 2406 π

299 2455 494 2518 quam
540 2433 711 2499 enim
763 2437 940 2498 recta
983 2453 1164 2498 mens
1209 2431 1482 2498 vertitur
1523 2454 1643 2499 nec
1688 2432 1812 2499 sibi
1858 2433 2008 2500 odio
2065 2439 2170 2502 est
2221 2458 2343 2504 nec

300 2522 645 2607 quicquam
710 2522 984 2587 mutavit
1045 2543 1088 2586 a
1139 2523 1275 2587 vita
1338 2521 1609 2606 optima3
1672 2525 1739 2588 at
1802 2523 2103 2608 voluptas
2166 2529 2346 2608 tunc,

298 2633 446 2676 cum
506 2609 784 2677 maxime
843 2611 1142 2694 delectat,
1201 2610 1625 2698 extinguitur3
1682 2633 1818 2679 non
1874 2613 2158 2680 multum
2210 2615 2341 2682 loci

297 2701 490 2766 habet
496 2751 515 2786 ,
559 2700 780 2786 itaque
824 2700 955 2767 cito
1001 2699 1206 2785 inplet
1250 2704 1317 2766 et
1358 2700 1571 2766 taedio
1618 2705 1716 2767 est
1760 2704 1826 2769 et
1868 2705 2021 2788 post
2055 2703 2344 2788 primum

476 2929 509 2984 1
554 2928 670 2984 ista
712 2930 834 2983 tam
870 2929 1066 2985 Μυσοῦ
1111 2928 1283 2983 istam
1320 2929 1404 2984 A¹
1438 2929 1553 2984 ista
1580 2929 1665 2985 A⁶
1705 2929 1733 3015 fl
1786 2930 1819 2986 7
1852 2947 1984 2986 -non
2025 2931 2272 2988 honesta
2307 2946 2343 2989 ς

295 3000 536 3055 honesta
576 3002 633 3056 A
682 2999 981 3055 inhonesta
1031 3001 1137 3055 alii
1180 3013 1215 3054 ς
1259 3000 1285 3073 ΙΙ
1336 3000 1373 3056 8
1418 3001 1814 3058 honestissime
1853 3003 1912 3058 A
1960 3019 2101 3060 corr.
2143 3005 2285 3076 0019.
2320 3005 2345 3078 ΙΙ

296 3069 368 3125 13
405 3086 466 3144 se
500 3073 764 3141 peccaret
798 3071 882 3127 A¹
919 3087 1052 3142 sepe
1089 3073 1245 3127 caret
1281 3071 1452 3142 A’(?)
1494 3072 1516 3146 ΙΙ
1564 3072 1635 3129 19
1673 3071 1914 3130 callosas
1941 3087 1978 3130 ς
2010 3075 2200 3146 gallae
2228 3077 2287 3132 A
2321 3085 2345 3141 ΙΙ

296 3139 369 3195 28
403 3141 662 3212 fugatam
699 3148 763 3198 ut
796 3143 904 3199 vid.
935 3143 1020 3198 A¹
1046 3159 1182 3198 corr.
1212 3144 1299 3199 A⁸
1332 3143 1354 3216 ΙΙ
1388 3143 1461 3199 25
1494 3145 1906 3215 poenitentiam
1935 3147 2076 3218 volq.
2112 3147 2343 3217 patien-

297 3211 440 3265 tiam
480 3213 537 3267 A
571 3213 593 3285 ΙΙ
625 3213 695 3268 27
732 3215 918 3268 mutat
955 3230 990 3268 a
1024 3215 1143 3268 vita
1179 3215 1398 3284 optima
1438 3216 1721 3279 Rossbach
1769 3218 1890 3274 coll.
1923 3234 1986 3288 p.
2025 3222 2197 3287 203,8
2245 3219 2345 3275 sed

295 3282 539 3336 mutavit
585 3285 930 3339 retinendum
979 3291 1059 3339 est
1105 3286 1353 3341 mutauit
1404 3286 1621 3356 optima
1659 3288 1718 3343 A
1771 3289 2016 3344 mutavit
2066 3303 2102 3342 a
2152 3290 2341 3359 primo

303 3351 523 3408 Gronov
572 3355 758 3407 mutat
803 3370 839 3408 a
882 3355 975 3409 via
1025 3355 1242 3424 optima
1284 3357 1526 3430 Madviq
1572 3360 1767 3414 mutat
1802 3361 1871 3415 ut
1913 3359 2134 3430 optima
2174 3360 2343 3417 Gertz

298 3423 540 3476 mutavit
577 3425 834 3492 optatum
873 3425 1147 3482 Schultess
