2544 3746
294 64 421 131 186
682 61 742 116 L.
772 60 1056 115 ANNAEI
1093 59 1425 115 SENECAE
1462 60 1650 116 DIAL.
1680 61 1815 116 LIB.
1844 60 1938 115 VI.

291 207 567 291 simplici
607 227 756 272 cum
793 206 1014 271 dolore
1052 206 1351 292 pudenda
1388 208 1778 292 curantium3
1823 211 1977 292 post
2010 208 2169 273 haec
2206 207 2339 274 exi-
2525 272 2526 281 ,

289 297 452 361 lium
507 294 670 381 (non
722 296 851 360 fuit
893 296 1299 361 innocentior
1342 296 1515 361 filius
1560 300 1713 362 tuus
1761 318 1955 381 quam
2001 295 2340 384 Rutilius),

291 406 609 465 carcerem
639 383 801 471 (non
825 384 952 451 fuit
980 385 1333 470 sapientior
1360 407 1557 470 quam
1586 382 1931 473 Socrates),
1966 387 2337 451 voluntario
2525 412 2526 477 ᾗ

290 476 552 541 volnere
617 475 1004 540 transfixum
1078 478 1303 559 pectus
1368 472 1531 561 (non
1600 474 1727 541 fuit
1790 476 2073 541 sanctior
2137 498 2337 560 quam
2525 494 2526 511 ³

292 562 508 652 Cato):
556 586 703 631 cum
750 564 874 629 ista
918 564 1345 648 perspexeriS‚
1393 565 1555 629 scies
1603 563 1844 648 optime
1892 585 2040 630 cum
2094 565 2151 631 is
2209 566 2339 651 agi,
2401 588 2426 627 ⁵
2524 514 2526 647 4

292 676 454 739 quos
499 657 759 737 natura,
803 653 956 738 quia
1000 653 1148 717 illos
1193 654 1321 718 hoc
1366 654 1667 720 manebat
1713 655 1885 719 vitae
1922 652 2341 739 stipendium,
2525 660 2526 667 ’

291 746 421 809 cito
468 743 538 807 in
582 747 797 808 tutum
842 741 1099 827 recepit.
1182 743 1348 807 nihil
1393 747 1491 808 est
1533 746 1667 808 tam
1713 743 1913 807 fallax
1959 765 2154 828 quam
2199 744 2339 809 vita

291 834 600 914 humana,
641 831 809 896 nihil
852 836 986 896 tam
1033 831 1443 897 insidiosum:
1496 854 1631 897 non
1676 855 1779 897 me
1822 832 2115 898 hercules
2164 833 2337 917 quis-

293 943 486 1005 quam
542 921 721 986 illam
770 922 1151 1006 accepisset,
1203 922 1331 986 nisi
1386 922 1645 987 daretur
1688 922 2127 987 inscientibus.
2216 922 2339 987 ita-
2525 998 2526 1005 ἵ

291 1032 416 1095 que
455 1011 511 1075 si
547 1010 990 1076 felicissimum
1029 1014 1128 1075 est
1161 1032 1299 1075 non
1332 1012 1538 1094 nasci,
1583 1012 1950 1096 proximum
1990 1016 2116 1095 est,
2152 1016 2339 1097 puto,
2374 1034 2425 1073 10

289 1100 470 1164 brevi
529 1103 736 1165 aetate
781 1099 1117 1165 defunctos
1165 1100 1296 1165 cito
1342 1101 1413 1165 in
1458 1101 1781 1186 integrum
1826 1100 2095 1166 restitui.
2188 1123 2337 1186 pro·
2525 1100 2526 1123 ;

290 1210 459 1275 pone
531 1188 694 1254 illud
767 1188 1248 1255 acerbissimum
1324 1190 1445 1255 tibi
1507 1194 1793 1275 tempus,
1864 1212 1993 1274 quo
2062 1188 2333 1256 Seianus

289 1281 539 1364 patrem
597 1282 784 1343 tuum
845 1278 1064 1343 clienti
1129 1300 1246 1345 suo
1312 1277 1525 1344 Satrio
1584 1278 1879 1345 Secundo
1930 1280 2333 1366 congiarium

291 1366 482 1434 dedit.
573 1367 966 1433 irascebatur
1023 1368 1121 1433 illi
1181 1368 1264 1433 ob
1320 1391 1524 1433 unum
1580 1373 1692 1434 aut
1746 1370 2020 1435 alterum
2065 1369 2333 1435 liberius
2525 1428 2526 1453 ᾖ

291 1456 564 1539 dictum,
623 1456 797 1541 quod
851 1457 1086 1522 tacitus
1140 1456 1308 1522 ferre
1361 1479 1496 1523 non
1550 1461 1849 1544 potuerat
1903 1456 2210 1524 Seianum
2264 1458 2335 1523 in
2371 1482 2421 1521 ιε»
2525 1464 2526 1539 Ῑ

292 1546 569 1611 cervices
641 1550 895 1611 nostras
967 1568 1049 1611 ne
1121 1547 1349 1631 inpom'
1422 1547 1712 1632 quidem,
1792 1547 1904 1613 sed
1977 1547 2332 1614 escendere.

293 1635 749 1701 decernebatur
807 1636 904 1701 illi
963 1638 1177 1700 statua
1239 1636 1309 1701 in
1368 1635 1638 1721 Pompei
1699 1636 1952 1702 theatro
2017 1636 2336 1722 ponenda,

293 1725 465 1807 quod
538 1729 835 1791 exustum
907 1723 1138 1790 Caesar
1209 1726 1565 1812 reficiebat3
1637 1726 2021 1792 exclamavit
2085 1724 2333 1793 Cordus

289 1818 446 1881 tunc
481 1836 628 1880 vere
663 1814 988 1880 theatrum
1019 1814 1242 1900 perire.
1320 1816 1475 1900 quid
1501 1814 1700 1902 ergo?
1770 1838 1905 1882 non
1929 1820 2337 1901 rumperetur

291 1926 485 1989 supra
557 1905 799 1970 cineres
865 1902 977 1969 Cn.
1042 1903 1313 1989 Pompei
1384 1905 1695 1972 constitui
1758 1904 2063 1972 Seianum
2138 1911 2203 1971 et
2265 1907 2337 1972 in
2370 1928 2423 1968 so

291 1995 703 2059 monimentis
776 1994 1042 2059 maximi
1112 1994 1518 2080 imperatoris
1592 1995 1953 2062 consecrari
2013 1995 2333 2080 perfidum

290 2083 607 2148 militem?
650 2085 697 2168 †
743 2087 1152 2149 consecratur
1207 2084 1594 2170 subscriptio
1603 2135 1623 2168 ‚
1678 2088 1743 2151 et
1786 2084 2081 2151 acerrimi
2124 2106 2337 2168 canes,

291 2194 455 2256 quos
491 2173 601 2237 ille
638 2177 712 2238 ut
749 2173 874 2238 sibi
911 2173 1023 2237 uni
1061 2178 1457 2258 mansuetos,
1505 2174 1803 2240 omnibus
1840 2174 2011 2240 feros
2048 2175 2336 2258 haberet,

291 2262 601 2348 sanguine
682 2262 976 2327 humano
1046 2263 1375 2348 pascebat,
1456 2263 1931 2329 circumlatrare
1999 2263 2334 2330 hominem

292 2351 484 2415 etiam
531 2353 578 2435 †
623 2351 808 2416 illum
855 2352 1265 2436 imperiatum
1314 2353 1647 2437 incipiunt.
1723 2353 1878 2438 quid
1922 2353 2206 2419 faceret?
2278 2355 2335 2419 si
2370 2374 2420 2414 25
2525 2363 2526 2446 j

469 2509 506 2562 ὅ
542 2509 592 2562 is
619 2508 704 2563 A¹
727 2508 828 2562 'his
856 2507 1022 2577 A²(‘?)
1059 2509 1079 2580 Η
1118 2508 1155 2563 6
1192 2525 1332 2577 quos
1360 2523 1395 2563 ς
1431 2509 1567 2577 quia
1593 2511 1650 2564 A
1692 2510 1699 2582 Ι
1739 2511 1864 2565 uita
1900 2511 1947 2564 ὣ
1984 2511 2333 2578 stipendium

292 2579 375 2632 A¹
401 2597 539 2634 corn
567 2579 652 2634 A⁵
685 2578 706 2650 ΙΙ
748 2579 786 2633 8
819 2580 1152 2633 insidiosum
1181 2592 1216 2633 ς
1251 2580 1457 2635 insidio
1486 2583 1543 2636 A
1578 2581 1585 2653 Ι
1642 2581 1677 2635 9
1712 2581 2083 2637 inscientibus
2110 2583 2337 2637 Fickert

292 2649 506 2703 intibus
534 2652 592 2705 A
627 2650 821 2704 insciis
849 2663 884 2704 ς’
917 2650 938 2723 ΙΙ
972 2651 1044 2706 10
1075 2667 1213 2705 naso
1241 2651 1327 2706 A¹
1362 2653 1524 2707 nasoi
1614 2651 1635 2683 ¹
1667 2653 1674 2724 Ι
1705 2653 2023 2722 proximum
2050 2655 2140 2707 est
2168 2653 2335 2709 Gertz

291 2722 542 2790 proxime
570 2724 627 2777 A
661 2721 684 2794 ΙΙ
717 2722 787 2776 11
815 2720 972 2776 brevi
1001 2723 1190 2777 aetate
1219 2723 1414 2778 Haase
1450 2722 1733 2778 breuitate
1760 2726 1817 2779 A
1852 2722 2009 2779 brevi
2034 2723 2156 2778 vita
2184 2725 2293 2779 alii
2322 2725 2329 2795 Ι

292 2793 516 2847 restitui
543 2807 576 2846 ς
613 2792 810 2847 resiste
838 2795 967 2849 AF
993 2794 1015 2866 Η
1059 2793 1130 2848 12
1167 2793 1366 2848 seianfi
1392 2795 1521 2849 AF
1548 2795 1569 2866 ΙΙ
1612 2794 1685 2850 14
1719 2794 1956 2850 libertus
1984 2797 2040 2851 A
2074 2795 2097 2867 Η
2137 2794 2210 2850 18
2246 2795 2331 2850 Ti.

293 2862 498 2918 Caesar
535 2864 778 2934 Pfenniy
811 2864 940 2931 fort.
977 2871 1117 2920 recte
1150 2865 1171 2936 ΙΙ
1205 2864 1278 2918 22
1316 2868 1673 2920 consecratur
1698 2867 1837 2932 AF,
1873 2867 2018 2936 quod
2048 2883 2179 2922 cum
2214 2869 2336 2922 sine

291 2935 460 2989 dnbio
509 2951 576 2988 ex
625 2936 964 2990 antecedenti
1013 2937 1328 2989 consecrari
1374 2945 1553 2992 ortam
1596 2939 1695 3004 sit,
1736 2938 1945 2993 medela
1978 2939 2195 2994 incerta
2229 2945 2335 2993 est.-

293 3006 716 3059 consarcinatur
743 3007 976 3074 Lipsius
1003 3007 1375 3060 concinnatur
1394 3008 1633 3077 Madvig]
1660 3008 1848 3062 editur
1866 3009 2027 3064 Koch
2055 3009 2337 3062 conflatur

296 3077 460 3131 Gertz
507 3077 800 3130 conficitur
834 3077 1106 3132 Schultess
1151 3080 1509 3132 consectatur
1544 3080 1725 3145 Ellis;
1760 3079 1945 3148 possis
1988 3081 2156 3134 etiam
2203 3095 2336 3134 con·

291 3149 522 3216 ponitur
570 3149 709 3217 (ben.
751 3150 866 3202 III
896 3153 991 3214 26,
1017 3153 1075 3215 2)
1125 3150 1367 3216 conicere
1416 3148 1439 3222 ΙΙ
1490 3149 1563 3204 23
1607 3149 1844 3204 haberet
1879 3152 1940 3206 F
1979 3149 2190 3205 habere
2223 3153 2281 3206 A
2316 3151 2338 3223 Η

291 3219 364 3272 25
418 3220 590 3273 etiam
645 3219 806 3274 illum
861 3220 1222 3289 imperiatum
1278 3221 1407 3276 AF
1464 3223 1521 3276 et
1573 3223 1689 3276 iam
1744 3222 1905 3277 illum
1964 3223 2332 3292 impetratum

295 3291 488 3345 Haase
515 3291 688 3346 etiam
721 3293 782 3344 in
808 3291 908 3346 illo
938 3291 1058 3358 (illo
1086 3293 1148 3346 in
1181 3292 1367 3358 Gertz)
1396 3293 1633 3362 imperio
1664 3292 1842 3348 altum
1864 3294 2103 3364 Madviy
2129 3297 2189 3349 et
2215 3295 2334 3349 iam

292 3361 509 3416 laniare
570 3363 1040 3431 intemperantius
1099 3365 1256 3418 Koch
1310 3366 1369 3418 et
1416 3365 1534 3419 iam
1584 3364 1745 3420 illum
1794 3381 2055 3435 rumpere
2106 3366 2334 3420 hiatum
2525 3399 2526 3432 1

296 3431 565 3488 Schultess
619 3435 677 3487 et
723 3435 840 3488 iam
890 3433 1049 3487 illum
1101 3434 1297 3489 :inferis
1349 3435 1602 3492 dicatum
1645 3437 1878 3508 Machly
1926 3436 2100 3492 etiam
2150 3437 2331 3504 illum,
2525 3447 2526 3506 i
