2544 3746
192 98 321 165 296
597 95 656 149 L.
688 93 975 148 ANNAEI
1013 92 1347 151 SENECAE
1384 92 1575 147 DIAL.
1606 92 1741 147 LIB.
1768 90 1836 147 X.

195 263 470 325 quorum
509 239 699 326 digiti
737 240 1003 324 aliquod
1039 240 1211 304 intra
1239 261 1307 303 se
1336 260 1594 305 carmen
1622 238 1961 303 metientes
1989 258 2249 323 semper

193 334 453 413 sonant,
502 351 804 413 quorum,
851 351 999 402 cum
1038 328 1119 393 ad
1155 350 1256 394 res
1297 329 1520 412 serias,
1568 329 1765 394 etiam
1801 348 1991 413 saepe
2027 328 2247 393 tristes

193 419 468 485 adhibiti
514 422 693 503 sunt,
740 419 1082 485 exauditur
1116 418 1319 484 tacita
1354 416 1757 483 modulatio?
1836 438 1970 483 non
2005 417 2250 482 habent

194 510 303 575 isti
351 510 585 592 otium,
632 508 746 573 sed
790 510 962 573 iners
1008 508 1367 594 negotium.
1458 508 1759 574 convivia
1804 506 2247 575 mehercules

191 600 422 664 horum
470 619 606 663 non
650 598 980 683 posuerim
1025 599 1195 663 inter
1238 598 1540 663 vacantia
1581 600 1904 681 tempora,
1960 618 2110 661 cum
2152 596 2248 661 vi-

193 688 403 771 deam,
471 709 666 770 quam
727 688 994 753 solliciti
1054 690 1398 773 argentum
1459 686 1787 769 ordinent,
1848 706 2045 770 quam
2104 685 2249 750 dili-

192 781 419 864 genter
480 777 882 841 exoletorum
943 798 1209 842 suorum
1268 776 1522 841 tunicas
1583 776 1994 862 succingant,
2052 793 2249 860 quam

193 866 490 951 suspensi
537 867 698 949 sint,
743 866 1070 950 quomodo
1119 887 1276 951 aper
1322 888 1360 929 a
1405 886 1581 931 coco·
1602 869 1814 949 exeat,
1862 886 1993 950 qua
2028 865 2251 930 celeri·

191 960 325 1021 tate
372 956 559 1041 signo
606 955 758 1021 dato
806 955 1017 1041 glabri
1054 955 1136 1020 ad
1173 955 1533 1021 ministeria
1570 954 1961 1038 discurrant,
2006 957 2251 1040 quanta

192 1050 328 1110 arte
368 1045 743 1110 scindantur
779 1066 928 1110 aves
967 1046 1037 1110 in
1071 1044 1283 1111 frusta
1315 1066 1452 1110 non
1488 1045 1804 1129 enormia,
1850 1065 2047 1129 quam
2084 1044 2249 1110 curi-

193 1156 303 1199 ose
349 1134 640 1200 infelices
685 1135 942 1219 pueruli
990 1135 1315 1200 ebriorum
1352 1138 1547 1219 sputa
1581 1134 1981 1221 detergeant:
2028 1155 2109 1198 ex
2143 1134 2249 1199 his

193 1224 549 1309 elegantiae
604 1225 1025 1310 lautitiaeque
1084 1224 1260 1290 fama
1315 1227 1615 1308 captatur
1670 1227 1737 1288 et
1790 1246 1998 1309 usque
2054 1244 2130 1288 eo
2179 1224 2250 1287 in

193 1335 416 1379 omnes
471 1315 643 1378 vitae
702 1335 991 1380 secessus
1047 1313 1219 1378 mala
1264 1334 1382 1377 sua
1426 1314 1577 1378 illos
1623 1316 1957 1398 secuntur,
2008 1317 2085 1377 ut
2126 1334 2251 1378 nec

194 1402 420 1468 bibant
455 1404 594 1467 sine
632 1403 986 1468 ambitione
1021 1424 1144 1468 nec
1181 1402 1392 1467 edant.
1473 1423 1557 1468 ne
1593 1403 1743 1469 illos
1782 1402 2043 1487 quidem
2081 1402 2253 1467 inter

195 1492 438 1556 otiosos
496 1492 1000 1576 numeraverim,
1058 1492 1172 1576 qui
1232 1492 1394 1557 sella
1458 1512 1527 1556 se
1585 1496 1653 1557 et
1707 1492 1941 1557 lectica
1998 1490 2131 1557 huc
2186 1494 2253 1557 et

195 1581 350 1646 illuc
395 1581 612 1647 ferunt
656 1585 723 1646 et
768 1581 850 1647 ad
895 1582 1333 1666 gestationum
1380 1602 1673 1664 suarum,
1726 1582 1915 1666 quasi
1960 1580 2253 1646 deserere

194 1670 338 1734 illas
393 1692 528 1735 non
582 1670 803 1754 liceat,
857 1669 1050 1737 horas
1098 1671 1476 1753 occurrunt,
1531 1690 1694 1755 quos
1741 1669 2005 1755 quando
2046 1670 2254 1735 lavari

195 1758 494 1843 debeant,
541 1760 798 1844 quando
836 1763 1088 1844 natare,
1126 1760 1386 1845 quando
1426 1780 1681 1843 cenare,
1716 1759 1882 1835 alius
1918 1759 2252 1824 admonet:

195 1846 317 1934 [et]
365 1869 569 1934 usque
616 1870 692 1915 eo
737 1849 941 1915 nimio
989 1849 1248 1917 delicati
1294 1849 1494 1916 animi
1537 1850 1853 1937 languore
1890 1849 2254 1933 solvuntur,

195 1943 270 2003 ut
312 1959 429 2023 per
474 1960 542 2004 se
589 1940 749 2004 scire
796 1962 930 2005 non
975 1939 1258 2026 possint,
1304 1962 1389 2005 an
1424 1941 1737 2005 esuriant!
1821 1937 2013 2005 audio
2055 1960 2256 2023 quen-

195 2028 342 2092 dam
405 2050 484 2094 ex
544 2027 833 2095 delicatis
879 2065 970 2076 —
1016 2030 1073 2095 si
1131 2028 1327 2094 modo
1389 2028 1654 2094 deliciae
1712 2029 2042 2095 vocandae
2096 2031 2255 2094 sunt

193 2118 393 2182 vitam
452 2121 516 2182 et
571 2118 1103 2184 consuetudinem
1157 2118 1509 2183 humanam
1558 2118 1884 2185 dediscere
1930 2155 2017 2165 —-
2026 2167 2047 2202 ,
2101 2139 2255 2184 cum

195 2229 276 2272 ex
320 2207 552 2272 balneo
598 2206 768 2272 inter
812 2229 1042 2273 manus
1088 2209 1297 2274 elatus
1345 2212 1410 2274 et
1452 2208 1525 2274 in
1570 2209 1729 2274 sella
1773 2207 2025 2294 positus
2064 2211 2255 2291 esset,

192 2296 430 2362 dixisse
457 2297 946 2384 interrogando:
982 2296 1144 2363 ‘iam
1173 2296 1443 2363 sedeoP’
1516 2297 1692 2364 hunc
1718 2302 1794 2363 tu
1821 2299 2256 2385 ignorantem,

193 2408 276 2450 an
323 2387 567 2469 sedeat,
620 2392 811 2470 putas
859 2386 1022 2452 scire
1067 2409 1151 2451 an
1196 2387 1400 2471 vivat,
1456 2409 1542 2451 an
1585 2388 1827 2471 videat,
1873 2410 1958 2452 an
2002 2385 2256 2452 otiosus

194 2474 322 2540 sit?
412 2497 548 2540 non
582 2475 771 2541 facile
807 2475 1108 2560 dixerim,
1151 2479 1371 2540 utrum
1411 2475 1618 2563 magis
1656 2476 1985 2560 miserear,
2033 2476 2090 2541 si
2124 2476 2257 2542 hoc

194 2565 548 2651 ignoravit,
593 2586 678 2632 an
724 2566 777 2630 si
826 2566 1122 2653 ignorare
1170 2587 1237 2631 se
1285 2565 1494 2631 finxit.
1586 2565 1939 2631 multarum
1989 2565 2257 2651 quidem

374 2757 405 2811 1
441 2759 654 2812 intrase
681 2757 738 2812 A
774 2757 837 2813 in
863 2774 1060 2813 mensa
1085 2759 1210 2814 Joh.
1232 2759 1448 2814 Malim·
1474 2757 1774 2813 metientes
1800 2759 1867 2813 in
1892 2757 2257 2814 metientium

113 2846 117 2852 ·
192 2831 401 2884 mutari
436 2831 674 2884 malebat
703 2829 872 2886 Gertz
898 2829 919 2902 ΙΙ
953 2829 989 2884 2
1027 2830 1202 2884 etiam
1239 2832 1374 2899 sepe
1401 2830 1458 2885 A
1497 2845 1669 2954 sam&
1706 2829 1882 2885 etiam
1912 2842 1946 2884 s·
1980 2831 2109 2893 sort.
2137 2846 2258 2885 rec-

192 2901 306 2956 tius
339 2899 360 2971 ΙΙ
396 2899 432 2953 8
469 2916 583 2968 qua
611 2912 647 2954 ς
683 2905 797 2968 qua
824 2902 882 2957 A
919 2903 1136 2970 quanta
1171 2901 1312 2970 volq.
1348 2900 1369 2972 Η
1404 2900 1476 2956 10
1512 2901 1575 2954 in
1667 2903 1786 2955 stra
1814 2901 1872 2956 A
1904 2900 1927 2973 ΙΙ
1962 2899 2031 2955 11
2066 2915 2137 2955 ex
2166 2902 2259 2955 his

194 2971 474 3043 elegantis
501 2972 586 3027 A⁶
623 2973 754 3040 (pro
788 2974 990 3028 ultima
1017 2988 1048 3027 e
1076 2972 1161 3027 A¹
1187 2989 1215 3026 s
1241 2972 1497 3028 habuisse
1532 2972 1667 3041 vid.)
1710 2971 1731 3044 ΙΙ
1776 2969 1849 3027 14
1882 2987 1955 3026 ne
1990 2970 2170 3026 edant
2196 2972 2261 3026 A

194 3059 332 3124 coris.
371 3044 509 3112 voly.
557 3043 577 3115 Η
627 3043 699 3097 15
737 3043 945 3098 otiosos
981 3044 1121 3113 volq.
1162 3042 1531 3114 abillltiosos
1559 3045 1616 3100 A
1655 3046 1813 3112 (eras.
1844 3044 1900 3112 o)
1940 3043 2259 3147 [numera-

193 3130 369 3168 verim
413 3115 574 3169 Koch
623 3113 1008 3170 numeraberis
1051 3117 1106 3171 A
1162 3115 1170 3186 Ι
1226 3115 1369 3170 sella
1416 3131 1476 3169 se
1523 3117 1583 3170 et
1626 3115 1833 3170 lectica
1874 3116 1932 3171 A
2004 3132 2143 3170 corr.
2186 3131 2261 3170 ex

197 3183 337 3237 sella
375 3184 456 3237 est
483 3185 736 3241 &lectica
774 3186 842 3255 <sc
877 3203 993 3241 mm
1027 3189 1165 3242 satis
1201 3193 1408 3242 certum
1443 3189 1570 3257 est),·
1611 3193 1742 3256 post
1785 3185 1992 3241 lectica
2036 3186 2261 3256 aliquid

197 3271 415 3309 erasum
450 3262 554 3320 est,
593 3257 738 3324 quod
773 3257 926 3325 quid.
943 3258 1118 3323 fuerit
1152 3258 1356 3327 dispici
1390 3273 1505 3312 mm
1533 3265 1737 3328 potest,
1768 3258 1867 3314 sed
1895 3259 2063 3313 initio
2084 3259 2260 3314 huius

196 3342 428 3378 rasurae
455 3326 538 3379 A⁵
567 3343 592 3377 s
621 3329 869 3395 scripsit,
895 3334 961 3382 ut
985 3329 1139 3394 fieret
1167 3329 1419 3384 lecticas.
1446 3329 1469 3402 Η
1499 3328 1568 3384 17
1598 3328 1787 3384 labari
1813 3329 1899 3384 A²
1923 3329 2105 3384 lavari
2133 3329 2260 3402 ΑἸΙ

198 3393 270 3447 18
297 3412 405 3462 pro
442 3396 642 3451 natare
681 3399 913 3453 Wolters
949 3400 1108 3454 malit
1145 3399 1439 3455 ambulare
1487 3401 1495 3474 Ι
1546 3401 1839 3457 admonet:
1877 3417 2058 3470 usque
2089 3400 2260 3457 Ger-ts

199 3463 483 3520 admonet.
541 3469 600 3521 et
635 3484 815 3535 usque
845 3470 900 3524 A
935 3468 1064 3540 1125
1100 3472 1286 3544 scii-el]
1320 3474 1500 3540 (erasa
1534 3473 1663 3539 fort.
1694 3475 1741 3542 s)
1772 3472 1829 3527 A

2286 1064 2341 1105 10
