2544 3746
855 18 955 73 DE
989 16 1495 75 PROVIDENTIA
1530 17 1683 74 CAP.
1715 24 1747 74 2
2276 23 2318 88 5

284 165 582 252 dignum,
636 165 738 230 vir
791 164 980 230 fortis
1027 187 1173 230 cum
1219 163 1483 230 fortuna
1526 166 1698 230 mala
1742 164 2146 250 conpositus,
2196 167 2319 231 uti-

283 277 412 340 que
457 255 514 320 si
557 257 625 320 et
669 253 1060 338 provocavit.
1127 275 1262 320 non
1294 254 1513 338 video,
1555 253 1849 338 inquam,
1894 252 2049 338 quid
2083 255 2321 322 habeat

279 345 354 409 in
397 344 584 410 terris
629 341 924 429 Iuppiter
967 343 1330 430 pulchrius,
1388 343 1447 409 si
1490 363 1556 410 eo
1602 347 1974 411 convertere
2030 345 2319 410 animum

281 434 469 518 velit,
507 455 701 518 quam
737 437 813 499 ut
847 437 1097 518 spectet
1126 431 1437 499 Catonem
1463 432 1594 498 iam
1622 433 1915 519 partibus
1951 454 2086 499 non
2121 435 2322 500 semel

219 545 246 586 5
279 523 507 589 fractis
553 527 832 588 stantem
876 522 1082 588 nihilo
1129 523 1345 589 minus
1390 521 1560 588 inter
1593 523 1813 588 ruinas
1850 523 2143 608 publicas
2188 544 2322 589 rec-

281 616 444 678 tum.
545 611 758 678 ‘licet'
825 612 1040 696 inquit
1091 610 1356 677 .‘omnia
1417 611 1488 678 in
1550 612 1742 678 unius
1799 612 2119 678 dicionem
2173 633 2322 679 con·
2361 629 2429 678 10

283 701 612 786 cesserint,
643 701 1089 767 custodiantur
1113 701 1480 788 legionibus
1508 703 1734 786 terrae,
1762 701 2074 767 classibus
2102 698 2347 786 maria,'

283 789 702 858 Caesarianus
730 794 952 877 portas
980 791 1166 856 miles
1195 790 1513 857 obsideat:
1543 789 1702 856 Cato
1734 811 1861 874 qua
1888 794 2074 857 exeat
2098 790 2323 876 habet3

280 904 415 946 una
476 903 689 947 manu·
731 881 934 946 latam
975 880 1264 948 libertati
1309 879 1481 947 viam
1540 880 1751 946 faciet.
1842 880 2082 946 ferrum
2129 881 2327 964 istud,
2344 929 2361 947 .

190 993 246 1033 ιο
281 970 480 1036 etiam
541 969 716 1036 civili
773 970 946 1036 bello
1006 976 1242 1054 purum
1290 974 1357 1034 et
1390 969 1756 1057 innoxium,
1812 970 2016 1036 bonas
2060 969 2324 1036 tandem

281 1081 360 1125 ac
403 1059 654 1125 nobiles
703 1059 849 1125 edet
894 1081 1150 1143 operas:
1208 1059 1605 1143 libertatem,
1660 1080 1853 1145 quam
1899 1059 2145 1145 patriae
2190 1081 2325 1126 non

280 1150 528 1234 potuit,
561 1147 792 1215 Catoni
829 1148 1024 1214 dabit.
1089 1149 1465 1236 aggredere,
1510 1149 1750 1233 anime,
1794 1149 1905 1215 diu
1942 1149 2325 1216 meditatum

281 1259 478 1324 opus,
540 1238 714 1324 eripe
759 1243 826 1305 te
868 1238 1062 1304 rebus
1107 1238 1436 1305 humanis!
1526 1239 1657 1320 iam
1702 1237 1993 1305 Petreius
2053 1242 2119 1305 et
2163 1237 2328 1305 Iuba

281 1333 829 1395 concucurrerunt
853 1327 1190 1413 iacentque
1218 1329 1383 1394 alter
1408 1328 1671 1394 alterius
1692 1350 1889 1393 manu
1907 1327 2092 1394 caesi.
2136 1326 2325 1394 fortis

187 1439 246 1480 ιε
283 1420 352 1483 et
395 1418 656 1504 egregia
699 1418 820 1483 fati
866 1417 1207 1484 conventio
1218 1466 1238 1502 ‚
1285 1417 1398 1483 sed
1442 1438 1607 1503 quae
1653 1439 1787 1483 non
1823 1416 2045 1482 deceat
2080 1417 2327 1504 magni-

281 1507 577 1573 tudinem
635 1511 953 1592 nostram3
1016 1510 1150 1572 tam
1209 1511 1403 1592 turpe
1460 1509 1561 1572 est
1619 1505 1850 1573 Catoni
1908 1510 2184 1572 mortem
2242 1506 2325 1572 ab

281 1597 423 1662 ullo
480 1601 700 1682 petere
760 1617 954 1682 quam
1018 1595 1262 1662 vitam?
1380 1595 1605 1680 liquet>
1650 1595 1814 1662 mibi
1875 1618 2024 1662 cum
2086 1617 2325 1684 magno
2366 1611 2430 1661 11

284 1690 609 1771 spectasse
654 1686 891 1773 gaudio
938 1685 1120 1770 deos,
1165 1684 1322 1751 dum
1357 1686 1469 1750 ille
1493 1684 1625 1770 vir,
1670 1686 2015 1752 acerrimus
2054 1685 2155 1750 sui
2190 1685 2329 1750 vin-

285 1775 440 1859 dex,
499 1776 745 1841 alienae
803 1775 1000 1842 saluti
1063 1774 1345 1842 consulit
1408 1778 1474 1840 et
1534 1774 1799 1841 instruit
1863 1773 2328 1841 discedentium

187 1888 250 1929 20
283 1865 541 1953 fugam,
598 1865 751 1931 dum
813 1864 1027 1932 studia
1087 1865 1285 1933 etiam
1341 1867 1533 1931 nocte
1577 1865 1809 1931 ultima
1851 1867 2116 1950 tractat,
2171 1863 2326 1930 dum

285 1954 576 2043 gladium
637 1976 819 2021 sacro
877 1956 1128 2041 pectori
1179 1955 1424 2043 infigit,
1478 1954 1633 2020 dum
1678 1955 1925 2023 viscera
1968 1954 2219 2042 spargit
2264 1958 2330 2020 et

283 2046 468 2111 illam
528 2044 1000 2111 sanctissimam
1061 2046 1344 2112 animam
1406 2044 1869 2131 indignamque
1927 2067 2094 2130 quae
2154 2044 2328 2110 ferro

283 2135 835 2201 contaminaretur
891 2158 1089 2201 manu
1151 2134 1384 2201 educit.
1484 2134 1634 2200 inde
1694 2134 2072 2201 crediderim
2129 2134 2331 2201 fuisse
2368 2147 2434 2197 12

281 2246 514 2309 parum
561 2228 810 2290 eertum
857 2230 923 2291 et
968 2224 1200 2291 efficax
1241 2226 1505 2291 vulnus:
1554 2245 1691 2290 non
1732 2224 1862 2291 fuit
1906 2225 2028 2290 diis
2071 2223 2331 2290 immor-

184 2335 248 2376 π
281 2313 526 2380 talibus
584 2314 742 2379 satis
802 2318 1092 2399 spectare
1139 2312 1450 2380 Catonem
1512 2316 1740 2399 semel;
1796 2317 2048 2381 retenta
2105 2334 2181 2379 ac
2232 2336 2330 2379 re·

282 2407 518 2470 vocata
549 2404 757 2468 virtus
804 2406 903 2469 est
910 2451 930 2487 ,
973 2406 1050 2468 ut
1092 2403 1163 2467 in
1201 2403 1575 2471 ‘difficiliore
1609 2408 1795 2490 parte
1832 2426 1900 2470 se
1937 2403 2330 2488 ostenderet3

279 2515 419 2559 non
456 2492 630 2559 enim
667 2496 802 2558 tam
830 2514 1068 2581 magno
1097 2492 1314 2566 animo
1341 2511 1517 2559 mors
1544 2493 1747 2560 initur
1774 2515 1966 2579 quam
1995 2492 2329 2577 repetitur.

284 2582 516 2667 quidni
572 2582 852 2650 libenter
911 2587 1276 2669 spectarent
1334 2568 1670 2649 alumnum
1728 2604 1917 2654 snum
1972 2586 2109 2649 tam
2155 2584 2329 2649 claro

281 2693 363 2739 ac
405 2673 814 2738 memorabili
859 2675 1038 2739 exitu
1084 2674 1462 2739 evadentem
1480 2672 1516 2737 Ῥ
1580 2693 1753 2739 mors
1790 2672 1940 2739 illos
1980 2678 2331 2759 consecrat,

186 2782 248 2823 so
283 2782 565 2846 quorum
613 2761 858 2828 exitum
905 2767 971 2828 et
1018 2763 1131 2847 qui
1173 2763 1411 2829 timent
1452 2761 1737 2827 laudant.

430 2973 464 3028 1
504 2972 753 3042 ‘epositus
781 2972 865 3028 A¹
913 2972 935 3045 ῙΙ
985 2972 1023 3027 3
1069 2989 1133 3027 eo
1180 2974 1311 3028 add.
1346 2973 1589 3029 Goerem
1635 2973 1663 3059 Η
1714 2974 1751 3029 5
1794 2973 2192 3029 nichilominus
2221 2974 2277 3029 A
2310 2972 2333 3047 ss

280 3045 320 3101 Β
358 3044 636 3100 ditionem
673 3046 933 3100 Muretus
979 3044 1305 3115 (dictionem
1336 3048 1389 3116 ς)
1429 3045 1819 3102 condicionem
1846 3049 1903 3102 A
1950 3046 1957 3119 Ι
2016 3046 2052 3101 8
2088 3045 2331 3100 cesaria-

282 3134 391 3173 nus
429 3118 486 3173 A
531 3115 560 3220 {l
599 3115 638 3171 9
671 3132 789 3171 una
823 3131 998 3171 manu
1034 3115 1213 3171 latam
1257 3118 1398 3188 voly.
1434 3122 1551 3173 una
1588 3118 1825 3174 anulata
1858 3119 1916 3174 A
1978 3118 1985 3190 Ι
2032 3117 2103 3172 11
2140 3116 2333 3174 nobile

282 3189 448 3244 sedet
473 3189 531 3244 A
595 3204 731 3245 corr.
761 3186 847 3245 A²
879 3188 901 3262 ΙΙ
943 3187 1015 3243 12
1052 3189 1241 3261 anime
1268 3190 1325 3245 A
1360 3189 1381 3263 ΙΙ
1423 3190 1491 3246 17
1528 3190 1706 3247 michi
1731 3192 1788 3246 A
1822 3197 1888 3245 ut
1920 3191 2035 3257 fere
2070 3206 2280 3259 semper
2314 3190 2335 3264 ΙΙ

281 3259 356 3315 18
383 3262 673 3330 spectasse
699 3262 757 3317 A
794 3276 931 3317 corr.
959 3261 1070 3316 vid.
1101 3277 1170 3316 ex
1196 3266 1359 3331 exsp-‘
1400 3260 1407 3336 Ι
1449 3261 1585 3316 dum
1614 3263 1807 3318 Haase
1836 3264 1950 3328 qua
1976 3261 2032 3316 A
2064 3260 2087 3338 ΙΙ
2126 3260 2196 3317 27
2224 3261 2334 3317 ini-

281 3332 380 3385 tm·
413 3344 448 3386 ς
494 3339 549 3388 et
588 3334 728 3403 voly.
765 3331 1134 3401 inicitur-³1²3
1180 3334 1283 3389 litt.
1325 3333 1379 3388 ci
1424 3334 1575 3389 linea
1619 3340 1933 3388 transversa
1960 3332 2166 3388 ‘delevit
2195 3331 2283 3389 A²
2315 3333 2336 3406 ΙΙ

281 3400 356 3457 28
391 3405 653 3471 spectare
682 3404 767 3459 A¹
802 3406 955 3459 -rent
989 3420 1129 3461 corr.
1157 3405 1287 3472 fort.
1316 3422 1386 3459 m.
1414 3408 1453 3461 2
1510 3424 1513 3429 ·
