2544 3746
241 55 330 122 20
665 53 727 108 L.
757 49 1045 106 11111181
1080 49 1413 106 8111188111
1448 49 1876 107 1111111131

242 197 614 283 collumque
660 197 1015 264 committit
1057 196 1301 264 incisus
1348 201 1474 282 est,
1517 200 1703 262 tanta
1744 197 1860 262 illa
1902 197 2109 262 moles
2155 217 2297 262 cor-

170 305 203 353 9
239 287 391 354 ruit.
479 309 615 355 non
672 287 742 353 in
801 289 934 354 alto
979 288 1144 353 latet
1188 286 1475 372 spiritus.
1498 307 1620 353 nec
1663 287 1890 372 utique
1933 287 2105 353 ferro
2152 308 2297 354 eru-

242 377 445 443 endus
492 382 618 463 est3
661 400 798 443 non
841 380 996 443 sunt
1019 376 1287 441 vulnere
1321 376 1581 460 penitus
1618 376 1910 461 inpresso
1948 377 2297 444 scrutanda

242 467 645 552 praecordia:
689 467 761 532 in
804 466 1102 551 proximo
1150 487 1325 531 mors
1372 470 1487 532 est.
1577 487 1713 531 non
1758 469 2007 532 certum
2053 467 2135 532 ad
2168 467 2295 533 hos

167 583 170 588 ·
242 557 412 623 ictus
484 555 804 622 destinavi
874 557 1121 622 locum:
1184 575 1592 641 quacumque
1656 555 1755 621 vis
1817 556 2113 640 pervium
2176 561 2297 622 est.
2368 578 2395 617 5

241 646 457 732 ipsum
513 646 676 711 illud
742 645 917 731 quod
961 648 1234 712 vocatur
1291 645 1487 730 mori,
1549 667 1679 731 quo
1744 645 1961 711 anima
2024 645 2299 712 discedit

243 759 284 800 a
327 756 627 821 corpore,
670 735 930 801 brevius
975 739 1076 801 est
1129 756 1327 820 quam
1373 738 1451 800 ut
1494 733 1717 800 sentiri
1761 737 1947 800 tanta
1982 735 2297 801 velocitas

242 825 478 910 possit:
522 822 659 890 sive
701 825 922 892 fauces
966 825 1177 890 nodus
1215 823 1415 909 elisit,
1452 823 1588 890 sive
1624 824 2090 910 spiramentum
2126 845 2301 910 aqua

243 914 622 999 praeclusit,
667 914 802 981 sive
849 915 918 980 in
965 918 1161 1000 caput
1204 915 1423 999 lapsos
1470 913 1859 980 subiacentis
1897 915 2023 980 soli
2058 914 2300 979 duritia

245 1003 656 1090 comminuit,
719 1005 856 1069 sive
913 1004 1187 1069 haustus
1246 1004 1419 1090 ignis
1478 1025 1739 1070 cursum
1799 1005 2051 1070 animae
2094 1026 2299 1069 reme·
2340 1027 2393 1066 ιο

244 1094 414 1160 antis
460 1093 849 1161 interscidit:
900 1092 1209 1179 quicquid
1251 1097 1380 1176 est,
1423 1097 1745 1179 properat.
1812 1095 2041 1177 ecquid
2074 1093 2299 1159 embe-

243 1182 469 1249 scitis?
555 1183 732 1269 quod
777 1187 913 1249 tam
960 1183 1090 1249 cito
1136 1182 1244 1266 fit,
1286 1182 1531 1247 timetis
1578 1181 1760 1247 diul“

423 1339 461 1394 5
497 1341 781 1396 destinavi
827 1343 966 1413 voly.
1010 1340 1279 1397 estimaui
1306 1342 1364 1397 A
1417 1339 1425 1414 Ι
1482 1357 1839 1411 quacumque
1882 1341 1993 1409 vis,
2039 1341 2299 1411 pervium

245 1411 335 1466 est
369 1412 651 1480 Wfflfflin,
686 1421 739 1468 et
771 1414 854 1468 sic
880 1415 937 1468 A
971 1415 1088 1470 nisi
1121 1415 1268 1484 quod
1304 1430 1331 1468 s
1367 1414 1432 1468 in
1465 1413 1556 1468 1118
1584 1414 1814 1484 punctis
1848 1419 2070 1481 notata,
2100 1414 2301 1469 deinde

244 1500 409 1540 erasa
441 1489 522 1540 est
555 1489 610 1539 et
644 1485 732 1539 est
767 1501 907 1541 corr.
937 1501 1008 1540 ex
1043 1487 1103 1540 et
1143 1485 1166 1570 u
1213 1485 1252 1540 9
1285 1483 1479 1556 lapsos
1515 1487 1601 1542 A¹
1636 1485 1813 1555 lapsis
1850 1487 1974 1556 (aut
2008 1490 2119 1544 -asi
2155 1502 2297 1540 corr.

244 1555 332 1611 A⁶
373 1554 396 1629 ΙΙ
442 1554 513 1611 11
550 1555 757 1624 ecquid
799 1556 891 1612 vol
928 1599 940 1613 .
984 1555 1032 1610 St
1069 1557 1208 1626 quid
1243 1558 1319 1614 A.
1390 1557 1735 1627 Subscriptio
1769 1558 1945 1612 minio
1970 1559 2131 1626 picta
2166 1557 2302 1611 haec

246 1634 352 1684 est:
408 1626 470 1683 L.
497 1625 565 1683 A.
595 1625 808 1702 Seneee
845 1643 880 1682 a
955 1626 1170 1684 111811ἰῆ.
1237 1628 1425 1695 Quare
1462 1628 1657 1698 aliqua
1746 1627 2108 1683 incommoda
2134 1625 2301 1681 bonis

244 1699 386 1754 uiris
415 1699 705 1758 accidant.
735 1716 866 1755 eum
891 1699 1259 1770 prouidentia
1287 1701 1379 1756 sit.
1409 1700 1659 1770 explicit.
1756 1701 1899 1770 cipit
1926 1700 1933 1772 Ι
1957 1699 2047 1754 Ad
2068 1699 2299 1756 Serenii.

245 1769 367 1826 Nec
401 1771 670 1827 iniuriam
706 1789 812 1828 nec
847 1771 1120 1827 ctumelifi.
1153 1771 1413 1842 accipere
1451 1771 1785 1842 sapientem.
1826 1771 1833 1844 Ι
