2544 3746
185 632 214 681 1

183 1615 216 1665 3

253 91 389 159 324
644 89 704 145 L.
733 88 1020 145 ANNAEI
1054 88 1385 145 SENECAE
1424 90 1613 147 DIAL.
1641 90 1777 145 LIB.
1806 90 1900 147 XI.

254 257 491 323 magna
534 234 812 303 felicitas
845 231 927 301 'in
971 232 1112 321 ipsa
1155 238 1535 303 necessitate
1580 237 1913 303 moriendi.
2008 236 2183 303 nihil
2226 260 2314 303 ne

252 326 324 391 in
366 328 582 391 totum
629 324 888 409 quidem
933 325 1102 392 diem
1150 326 1309 391 certi
1356 330 1484 392 est:
1538 327 1685 411 quis
1731 325 1801 392 in
1844 330 1981 392 tam
2029 328 2317 394 obscura

253 419 320 481 et
371 414 668 481 involuta
720 416 989 481 veritate
1043 415 1318 500 divinat,
1373 420 1675 482 utrumne
1728 417 1915 482 fratri
1962 418 2083 482 tuo
2129 438 2313 483 mors

252 502 558 571 inviderit
601 527 685 570 an
731 505 1172 572 consuluerit?

431 610 510 677 X.
585 610 756 678 Illud
812 633 1099 698 quoque,
1153 634 1282 697 qua
1334 612 1583 678 iustitia
1634 612 1705 678 in
1762 611 2067 678 omnibus
2115 612 2317 680 rebus
2380 631 2403 673 5

255 722 351 785 es,
393 722 652 768 necesse
698 705 796 767 est
839 706 904 767 te
941 702 1201 768 adiuvet
1238 703 1632 788 cogitantem
1668 723 1802 768 non
1842 701 2156 767 iniuriam
2194 702 2320 768 tibi

251 790 517 875 factam,
578 789 753 875 quod
812 792 1010 857 talem
1067 790 1335 856 fratrem
1389 791 1692 876 amisisti,
1750 791 1862 857 sed
1915 792 2319 858 beneficium

253 879 504 965 datum,
567 879 742 965 quod
799 882 935 946 tam
1003 880 1114 945 diu
1183 879 1308 946 tibi
1373 881 1612 966 pietate
1682 881 1818 947 eius
1883 879 1985 946 uti
2049 881 2319 966 fruique

252 969 456 1036 licuit.
546 970 807 1053 iniquus
867 974 992 1055 est,
1051 970 1164 1056 qui
1225 970 1509 1037 muneris
1569 970 1672 1036 sui
1727 970 2075 1037 arbitrium
2132 970 2321 1037 danti

253 1082 388 1125 non
431 1058 766 1143 relinquit,
820 1060 1080 1143 avidus,
1121 1060 1234 1144 qui
1278 1082 1412 1126 non
1453 1060 1623 1125 lucri
1666 1060 1813 1126 loco
1858 1060 2091 1144 habet,
2140 1059 2322 1145 quod
2358 1081 2411 1121 10

255 1149 533 1234 accepit,
587 1150 701 1215 sed
755 1147 999 1234 damni,
1059 1148 1233 1233 quod
1278 1148 1572 1214 reddidit.
1665 1149 1963 1237 ingratus
2013 1151 2141 1234 est,
2203 1150 2321 1235 qui

253 1237 558 1304 iniuriam
616 1242 807 1304 vocat
863 1238 1060 1304 finem
1113 1238 1495 1323 voluptatis,
1554 1240 1821 1322 stultus,
1882 1239 2001 1325 qui
2054 1239 2323 1305 nullum

252 1328 538 1394 fructum
583 1348 720 1393 esse
758 1330 947 1413 putat
978 1327 1300 1393 bonorum
1335 1327 1464 1393 nisi
1499 1329 1967 1414 praesentium,
2014 1328 2133 1414 qui
2178 1351 2324 1395 non

255 1421 320 1483 et
365 1418 434 1483 in
476 1417 839 1502 praeteritis
886 1416 1245 1502 adquiescit
1289 1420 1356 1483 et
1399 1440 1475 1484 ea
1500 1417 1753 1485 iudicat
1790 1416 2098 1503 certiora,
2149 1440 2324 1504 quae

255 1507 579 1591 abierunt,
632 1507 785 1592 quia
828 1507 910 1571 vde
953 1506 1084 1571 illis
1129 1528 1213 1573 ne
1259 1506 1557 1573 desinant
1599 1530 1735 1573 non
1780 1510 1881 1574 est
1924 1508 2320 1575 timendum.
2362 1530 2415 1572 15
2517 1558 2518 1561 η

253 1598 447 1662 nimis
494 1599 800 1683 angustat
844 1595 1080 1682 gaudia
1129 1617 1276 1681 sua,
1321 1597 1434 1681 qui
1479 1598 1570 1663 eis
1607 1597 2100 1682 tantummodo,
2149 1620 2324 1684 quae

252 1686 450 1752 habet
503 1707 579 1752 ac
631 1685 837 1769 videt,
889 1684 1019 1750 frui
1073 1707 1140 1751 se
1195 1687 1385 1771 putat
1439 1690 1508 1751 et
1556 1686 1860 1752 habuisse
1916 1688 2146 1753 eadem
2194 1709 2324 1771 pro

251 1775 460 1841 nihilo
516 1774 722 1859 ducit3
777 1776 908 1841 cito
964 1774 1135 1839 enim
1189 1797 1311 1841 nos
1369 1776 1579 1841 omnis
1624 1776 1929 1861 voluptas
1976 1775 2325 1860 relinquit,

253 1887 417 1950 quae
454 1864 602 1931 fluit
639 1867 702 1931 et
737 1864 973 1930 transit
1008 1868 1073 1930 et
1109 1871 1311 1949 paene
1348 1863 1720 1949 ante‘quam
1749 1864 1970 1931 veniat
1998 1864 2321 1932 aufertur.

251 1955 470 2041 itaque
517 1955 588 2019 in
631 1953 1050 2039 praeteritum
1095 1957 1351 2038 tempus
1398 1955 1650 2021 animus
1698 1955 2058 2021 mittendus
2107 1959 2213 2021 est
2254 1959 2325 2021 et
2362 1979 2419 2019 20
2517 1943 2518 1954 ἶ

253 2043 564 2129 quicquid
617 2065 738 2110 nos
795 2064 1104 2126 umquam
1160 2041 1505 2110 delectavit
1555 2043 1995 2111 reducendum
2052 2066 2131 2110 ac
2189 2045 2325 2111 fre-

253 2135 478 2218 quenti
524 2132 920 2220 cogitatione
966 2133 1488 2217 pertractandum
1535 2137 1657 2198 est:
1715 2133 1980 2220 longior
2024 2133 2327 2200 fidelior-

252 2246 378 2308 que
433 2227 532 2288 est
585 2223 896 2287 memoria
950 2221 1359 2306 voluptatum
1416 2243 1608 2308 quam
1655 2222 2036 2307 praesentia.
2132 2224 2326 2309 quod

249 2311 538 2378 habuisti
575 2334 728 2398 ergo
769 2311 1091 2396 optimum
1125 2310 1421 2396 fratrem,
1464 2312 1533 2377 in
1570 2313 1840 2378 summis
1879 2313 2069 2378 bonis
2106 2315 2325 2398 pone!

249 2424 384 2467 non
431 2406 530 2468 est
577 2401 751 2484 quod
799 2401 1075 2487 cogites,
1131 2404 1374 2485 quanto
1422 2399 1663 2467 diutius
1710 2400 1949 2467 habere
1995 2403 2327 2489 potueris,
2366 2427 2429 2468 ετ»

251 2493 362 2558 sed
411 2513 607 2576 quam
655 2489 766 2555 diu
811 2489 1131 2565 habueris.
1219 2512 1435 2555 rerum
1480 2493 1711 2556 natura
1746 2491 1936 2557 illum
1973 2491 2100 2556 tibi
2138 2492 2329 2560 sicut

251 2582 479 2647 ceteris
533 2579 764 2646 fratres
821 2601 972 2645 suos
1025 2601 1160 2645 non
1214 2579 1537 2666 mancipio
1593 2579 1798 2665 dedit,
1852 2578 1965 2645 sed
2021 2602 2329 2648 commo-

428 2756 461 2810 1
513 2755 853 2812 necessitate
895 2754 1142 2826 Heylbut
1189 2756 1254 2809 in
1304 2755 1517 2812 dissert.
1560 2757 1747 2811 Bonn.
1792 2761 1936 2812 1876
1992 2758 2152 2813 Thes.
2198 2759 2338 2816 VH

248 2827 527 2883 felicitate
570 2829 617 2883 0
659 2826 942 2881 facilitate
980 2827 1303 2898 Petschenig]
1346 2827 1367 2899 Η
1414 2827 1451 2882 2
1495 2829 1721 2883 inante
1756 2829 1880 2882 tam
1916 2827 2166 2884 obscura
2206 2831 2328 2887 del.

258 2901 346 2956 W.
388 2899 602 2954 Gemoll
642 2898 664 2970 Η
711 2898 749 2952 3
791 2898 1038 2953 ueritate
1080 2899 1127 2953 0
1177 2899 1456 2954 varietate
1493 2901 1807 2954 Pincianus
1851 2901 1973 2956 coll.
2012 2918 2057 2956 c.
2098 2907 2194 2969 11,
2224 2907 2265 2958 5
2306 2904 2333 2976 ΙΙ

247 2970 286 3025 4
319 2970 594 3026 inuiderit
623 2971 680 3026 V
714 2975 765 3024 et
797 2971 935 3040 voly.
982 2969 1242 3024 inuideat
1284 2971 1331 3025 0
1363 2969 1384 3043 Η
1427 2969 1465 3024 6
1501 2987 1560 3026 es
1589 2972 1905 3027 Pincianus
1941 2975 2029 3027 est
2073 2972 2120 3029 O
2165 2973 2172 3046 Ι
2217 2991 2331 3030 ne-

249 3056 403 3096 cesse
440 3043 528 3096 est
553 3042 753 3096 DEV
777 3056 1004 3095 necesse
1034 3041 1226 3096 BHG
1261 3040 1358 3164 1118,
1392 3041 1502 3096 tibi
1538 3042 1757 3111 pietate
1795 3044 1915 3097 eius
1952 3043 2043 3098 uti
2078 3043 2331 3114 fruique

247 3112 412 3166 licuit
453 3113 574 3168 BG-
624 3113 842 3179 pietate
889 3127 935 3165 e.
966 3129 1019 3166 u.
1048 3110 1086 3165 f.
1126 3110 1236 3165 tibi
1302 3111 1445 3166 icuit
1480 3113 1615 3167 DE
1662 3113 1880 3182 pietate
1918 3114 2042 3168 eius
2078 3113 2331 3186 fruique

247 3181 358 3236 tibi
393 3181 560 3236 licuit
587 3184 655 3236 H
685 3183 902 3250 pietate
941 3182 1061 3236 eius
1093 3181 1203 3236 tibi
1229 3183 1319 3236 uti
1346 3183 1513 3238 licuit
1541 3185 1597 3239 V
1678 3184 1749 3240 10
1776 3185 2054 3255 relinquit
2080 3187 2141 3240 Β
2181 3188 2330 3244 reli-

250 3252 377 3320 quit
405 3253 452 3308 0
482 3252 504 3324 ΙΙ
538 3252 610 3306 13
647 3268 770 3306 esse
797 3253 966 3321 putat
993 3254 1050 3308 Β
1085 3255 1255 3321 putat
1282 3270 1403 3308 esse
1433 3254 1611 3311 GGV
1648 3254 1659 3328 Ι
1690 3255 1763 3311 23
1798 3256 2231 3327 uoluptandum
2262 3262 2333 3316 B

249 3339 387 3378 corr.
416 3341 486 3378 m.
515 3327 554 3377 2
589 3324 609 3392 ΙΙ
643 3323 716 3376 26
752 3323 852 3378 sed
883 3341 951 3378 m.
979 3328 1018 3379 2
1049 3323 1178 3380 add.
1207 3327 1271 3380 in
1299 3326 1355 3380 Β
1398 3325 1404 3399 Ι
1445 3325 1556 3381 tibi
1574 3327 1632 3382 Β
1658 3345 1729 3400 m.
1757 3331 1797 3383 2
1822 3334 1877 3384 et
1900 3329 2041 3402 0019.
2073 3327 2192 3386 sibi
2227 3332 2283 3388 O
2312 3335 2333 3402 ΙΙ

247 3392 318 3446 27
371 3391 574 3447 fratres
625 3410 754 3448 suos
803 3395 1041 3465 Madvig
1095 3395 1368 3451 fratribus
1424 3414 1553 3452 suos
1606 3398 1653 3455 O
1706 3398 1983 3455 fratribus
2040 3399 2165 3456 suis
2217 3404 2283 3460 V

250 3463 534 3532 mancipio
562 3465 619 3517 B
655 3463 981 3533 mancipios-
1001 3465 1137 3522 GH
1164 3469 1226 3522 in
1261 3469 1611 3538 mancipium
1642 3471 1697 3529 V
1724 3486 1827 3527 om.
1857 3472 1995 3527 DE
