2544 3746
173 1458 205 1505 2

245 52 332 119 88
636 49 697 105 L.
727 48 1011 105 ANNAEI
1048 46 1381 104 SENECAE
1416 24 1896 106 nm.1,1'13.1v.

244 198 372 279 est,
415 193 472 260 si
513 193 681 260 nihil
723 193 924 260 habet
966 194 1063 259 ira
1106 193 1445 260 valentius.
1518 188 1638 260 nec
1672 195 1992 262 latronem
2030 196 2291 279 oportet

244 304 383 350 esse
445 304 566 349 nec
626 283 960 368 praedam,
1024 304 1145 349 nec
1208 282 1689 349 misericordem
1751 304 1873 351 nec
1937 285 2287 350 crudelem:

243 372 419 438 illius
482 371 677 437 nimis
742 373 958 439 mollis
1023 372 1307 456 animus,
1375 371 1571 438 huius
1639 372 1835 439 nimis
1898 372 2097 439 durus
2163 376 2286 457 est3

243 465 638 546 temperatus
697 461 785 527 sit
843 462 1097 546 sapiens
1153 465 1219 528 et
1274 462 1354 527 ad
1399 484 1501 528 res
1547 462 1781 528 fortius
1828 463 2107 548 agendas
2152 483 2288 528 non

241 550 405 616 iram
451 550 564 615 sed
609 550 743 615 vim
789 550 1106 640 adhibeat
2353 572 2381 613 ⁶

421 637 658 705 XVIII.
734 638 1054 718 Quoniam
1115 661 1280 725 quae
1341 641 1418 706 de
1469 640 1569 705 ira
1615 643 2013 724 quaeruntur
2055 644 2288 706 tracta-
2410 698 2415 701 .

242 728 483 812 vimus,
544 730 922 795 accedamus
987 730 1068 794 ad
1130 728 1415 795 remedia
1477 728 1633 795 eius.
1725 729 1854 795 duo
1914 734 2159 811 autem,
2212 734 2290 795 ut

242 817 503 902 opinor,
547 821 724 883 sunt:
767 840 851 884 ne
897 817 1256 884 incidamus
1302 816 1373 882 in
1408 818 1572 885 iram
1610 821 1678 883 et
1710 840 1795 884 ne
1829 819 1899 885 in
1935 818 2033 884 ira
2067 838 2289 903 pecce-

241 928 402 971 mus.
494 911 571 972 ut
612 907 682 971 in
729 928 1070 992 corporum
1120 929 1275 974 cura
1319 906 1447 973 alia
1492 908 1571 973 de
1614 909 1857 974 tuenda
1900 907 2291 992 valetudine,

242 995 369 1061 alia
432 994 510 1060 de
573 996 970 1063 restituenda
1033 1000 1377 1082 praecepta
1449 999 1631 1082 sunt,
1700 996 1797 1062 ita
1866 997 2056 1062 aliter
2125 996 2289 1061 iram
2330 1018 2389 1059 ιο

243 1084 549 1150 debemus
619 1086 958 1169 repellere,
1031 1085 1220 1151 aliter
1292 1107 1715 1170 compescere.
1842 1089 1919 1151 ut
1989 1084 2292 1169 vitemus,

243 1173 556 1258 quaedam
620 1173 701 1239 ad
765 1174 1130 1243 universam
1193 1175 1397 1241 vitam
1455 1175 1847 1261 pertinentia
1894 1174 2291 1260 praecipien-

241 1266 374 1416 gur.
430 1284 506 1328 ea
559 1262 628 1327 in
682 1262 1129 1330 educationem
1176 1269 1242 1330 et
1286 1264 1358 1330 in
1403 1264 1738 1350 sequentia
1782 1267 2078 1349 tempora
2130 1261 2291 1328 divi-

285 1355 490 1417 entur.

420 1440 738 1506 Educatio
785 1440 1134 1508 maximam
1181 1440 1585 1529 diligentiam
1621 1442 2107 1527 plurimumque
2142 1463 2391 1526 pro-15

240 1529 526 1595 futuram
557 1529 901 1615 desiderat3
935 1530 1127 1597 facile
1159 1535 1260 1597 est
1295 1530 1468 1598 enim
1505 1534 1761 1597 teneros
1800 1530 2010 1596 adhuc
2038 1530 2291 1595 animos

243 1640 654 1704 componere,
708 1618 1058 1686 difficulter
1110 1620 1488 1687 reciduntur
1530 1620 1692 1686 vitia
1738 1642 1904 1705 quae
1946 1620 2292 1686 nobiscum

243 1711 596 1774 creverunt.

421 1794 592 1862 XIX.
655 1794 1221 1883 Opportunissima
1265 1799 1349 1864 ad
1385 1798 1784 1865 iracundiam
1819 1798 2053 1864 fervidi
2086 1796 2293 1863 animi

242 1891 473 1952 natura
535 1891 650 1953 est.
740 1909 893 1954 nam
953 1910 1100 1955 cum
1160 1889 1479 1956 elementa
1534 1889 1665 1954 sint
1720 1891 2056 1973 quattuor,
2099 1887 2293 1975 ignis,
2332 1910 2394 1952 so

243 1998 474 2061 aquae,
519 1976 710 2060 aeris,
755 1979 993 2062 terrae,
1034 1981 1389 2063 potestates
1436 1998 1622 2061 pares
1658 1977 1761 2043 his
1800 1980 1980 2061 sunt,
2023 1976 2295 2061 fervida,

242 2065 505 2152 frigida,
550 2066 727 2130 arida
772 2069 968 2150 atque
1012 2066 1260 2131 umida:
1319 2069 1385 2131 et
1437 2067 1733 2133 locorum
1779 2066 1998 2151 itaque
2044 2070 2113 2132 et
2155 2066 2293 2130 ani-

243 2155 511 2220 malium
575 2158 642 2219 et
705 2175 1049 2240 corporum
1123 2159 1191 2221 et
1260 2177 1518 2221 morum
1590 2155 1933 2222 varietates
2006 2155 2295 2220 mixtura

243 2245 708 2310 elementorum
753 2243 939 2328 facit,
982 2247 1050 2309 et
1092 2243 1363 2331 proinde
1402 2244 1619 2330 aliquo
1658 2244 1866 2331 magis
1903 2243 2295 2310 incumbunt

242 2333 786 2505 {seigam
819 2333 1108 2488 m:
1488 2331 2295 2509 131111111πῂ-
2333 2354 2391 2395 ²⁵

245 2510 482 2576 calidas
546 2515 613 2576 et
672 2510 957 2598 frigidas.
1077 2511 1300 2577 eadem
1374 2511 1750 2577 animalium
1821 2510 2293 2594 hominumque

245 2599 614 2665 discrimina
668 2603 846 2665 sunt:
917 2599 1114 2665 refert
1170 2604 1484 2685 quantum
1537 2601 1811 2686 quisque
1831 2663 1835 2667 ,
1855 2599 2061 2665 umidi
2104 2599 2176 2666 in
2220 2621 2293 2665 se

245 2688 561 2772 calidique
608 2688 965 2774 contineat3
1010 2688 1193 2754 cuius
1237 2688 1309 2753 in
1354 2689 1469 2754 illo
1517 2689 1822 2755 elementi
1854 2688 2071 2772 portio
2108 2710 2292 2774 prae-

243 2776 512 2860 valebit,
573 2776 722 2843 inde
784 2797 997 2843 mores
1061 2781 1264 2844 erunt.
1373 2777 1716 2844 iracundos
1779 2777 2028 2844 fervida
2090 2777 2293 2842 animi
2334 2799 2393 2838 30

243 2869 475 2931 natura
545 2865 765 2932 faciet:
838 2869 937 2932 est
999 2866 1172 2932 enim
1237 2871 1543 2933 actuosus
1607 2870 1674 2933 et
1731 2866 2027 2951 pertinax
2091 2865 2295 2953 ignis3

386 3055 422 3111 2
456 3058 731 3126 praedam
761 3060 953 3115 Muret
986 3058 1297 3142 predonem
1324 3059 1380 3114 A
1413 3058 1435 3131 ΙΙ
1475 3058 1547 3114 19
1583 3058 2076 3130 Opportunissima
2104 3059 2163 3115 A
2196 3059 2295 3114 sed

236 3129 398 3198 prior
432 3145 472 3197 p
509 3131 730 3197 pwnetis
763 3136 958 3188 notata
993 3137 1072 3185 est
1111 3129 1118 3202 Ι
1158 3128 1382 3184 fervida
1416 3131 1578 3186 malit
1610 3131 1901 3186 Klammer
1944 3129 1952 3202 Ι
2012 3128 2085 3185 21
2111 3129 2293 3197 aeris,

244 3203 456 3267 terrae,
485 3215 667 3270 aquae
697 3199 894 3268 Ger-tu
930 3202 996 3257 de
1026 3202 1453 3271 transpositione
1478 3219 1631 3258 numo
1656 3203 1875 3258 dubito.-
1910 3219 1940 3257 c
1965 3219 2011 3256 r.
2042 3201 2295 3257 ordinem

245 3271 527 3328 verborum
563 3288 642 3342 ep.
671 3277 756 3340 13,
776 3277 812 3329 5
848 3243 932 3343 (p.
961 3277 1048 3342 32,
1069 3277 1106 3328 6
1133 3273 1234 3344 H.)
1283 3272 1306 3358 fl
1352 3271 1427 3328 24
1476 3271 1669 3344 aliquo
1718 3274 1905 3344 magis
1954 3272 2297 3328 incumbunt

245 3342 479 3482 {iffi
515 3343 997 3486 ffld'iffgeffi‘u'ssq
995 3349 1227 3494 ῐὲἕέηέἥ
1371 3343 2030 3490 ἑέιῗχῗῧςὲἓῗῖῗθὲἑ.
2034 3346 2123 3487 ί1
2124 3345 2181 3401 ¹²
2232 3363 2295 3398 ¹¹²
