2544 3746
287 77 419 145 258
680 75 742 129 L.
770 72 1056 131 AN'NAEI
1092 73 1422 131 SENECAE
1458 73 1649 129 DIAL.
1678 74 1813 129 LIB.
1842 74 1934 130 IX.

287 243 326 286 a
389 221 849 306 cupiditatibus
913 221 1264 308 ‚eligemus3
1339 224 1609 305 serpunt
1671 220 1845 285 enim
1908 219 2070 285 vitia
2133 223 2201 285 et
2262 219 2334 285 in

284 310 653 395 proximum
735 330 1054 395 quemque
1123 310 1497 375 transiliunt
1568 313 1634 375 et
1704 311 2007 375 contactu
2077 311 2333 375 nocent.

284 400 504 485 itaque
550 400 1089 485 quemadmodum
1134 399 1204 465 in
1247 398 1617 483 pestilentia
1661 399 2016 464 curandum
2062 402 2190 482 est,
2248 420 2333 463 ne

285 489 598 573 correptis
667 489 798 555 iam
871 489 1248 575 corporibus
1313 492 1381 555 et
1442 488 1669 554 morbo
1734 487 2157 575 flagrantibus
2224 487 2332 553 ad·

286 578 634 663 sideamus,
681 578 833 663 quia
877 578 1166 662 pericula
1198 580 1528 669 trahemus
1566 576 1935 661 adflat-uque
1970 578 2115 663 ipso
2152 577 2332 643 labo-
2398 599 2422 638 5

283 667 565 734 rabimus
575 717 595 751 ,
657 668 750 733 ita
811 668 881 732 in
944 668 1299 734 amicorum
1350 667 1641 754 legendis
1697 666 1973 754 ingeniis
2033 666 2331 737 dabimus

285 778 572 841 operam,
629 761 704 822 ut
749 777 942 840 quam
990 756 1252 823 minime
1297 757 1668 841 inquinatos
1715 755 2155 821 adsumamus:
2212 754 2332 819 ini—

282 846 448 911 tium
503 846 713 912 morbi
758 849 860 912 est
903 847 1112 933 aegris
1161 868 1320 913 sana
1364 845 1646 911 miscere.
1737 867 1860 912 nec
1901 844 2032 911 hoc
2074 866 2333 929 praece·

281 936 492 1020 perim
554 935 702 1020 tibi,
767 939 842 1000 ut
894 935 1219 1001 neminem
1274 935 1403 1001 nisi
1458 936 1815 1021 sapientem
1870 935 2158 1019 sequaris
2216 937 2335 999 aut

283 1024 612 1109 adtrahas3
669 1025 784 1090 ubi
838 1026 1010 1091 enim
1056 1025 1254 1091 istum
1301 1025 1615 1110 invenies,
1673 1045 1864 1108 quem
1909 1027 2011 1089 tot
2057 1024 2331 1090 saeculis
2369 1045 2421 1085 10

283 1114 694 1198 quaerimus?
748 1137 866 1199 pro
898 1114 1146 1200 optimo
1176 1114 1262 1182 sit
1290 1114 1555 1181 minime
1584 1114 1819 1180 malus!
1873 1114 1986 1178 vix
2011 1114 2135 1179 tibi
2161 1117 2335 1179 esset

281 1202 556 1269 facultas
585 1203 856 1270 dilectus
883 1204 1208 1289 felicioris,
1237 1204 1295 1270 si
1319 1204 1490 1270 inter
1516 1202 1823 1269 Platonas
1851 1206 1917 1268 et
1938 1201 2332 1287 Xenophon-

281 1295 381 1357 tas
419 1296 485 1358 et
517 1293 707 1358 illum
745 1290 1058 1360 Socratici
1093 1293 1263 1359 fetus
1302 1298 1690 1377 proventum
1724 1293 1931 1358 bonos
1974 1313 2332 1376 quaereres,

281 1385 394 1447 aut
429 1382 486 1448 si
511 1381 635 1447 tibi
661 1386 945 1468 potestas
975 1380 1364 1449 Catonianae
1392 1383 1576 1449 fieret
1603 1382 1857 1465 aetatis,
1896 1404 2060 1466 quae
2087 1383 2331 1468 pleros-

283 1491 408 1555 que
444 1470 674 1557 dignos
711 1472 890 1557 tulit,
936 1472 1050 1557 qui
1087 1470 1349 1539 Catonis
1387 1472 1642 1538 saeculo
1678 1474 2095 1538 nascerentur
2132 1469 2334 1557 (sicut
2368 1491 2421 1532 ιε

279 1560 522 1626 multos
595 1560 846 1645 peiores
912 1582 1108 1645 quam
1169 1583 1481 1647 umquam
1544 1562 1703 1627 alias
1768 1561 2331 1645 maximorumque

278 1650 612 1715 molitores
657 1651 1000 1736 scelerum3
1054 1655 1328 1735 utraque
1375 1651 1547 1716 enim
1592 1650 1785 1716 turba
1831 1671 1995 1735 opus
2043 1653 2209 1734 erat,
2253 1654 2333 1715 ut

199 1787 202 1789 ψ
281 1736 439 1804 Cato
494 1744 716 1826 posset
769 1740 1086 1827 intellegi:
1139 1740 1377 1807 habere
1422 1740 1646 1806 debuit
1690 1743 1757 1806 et
1800 1740 2037 1824 bonos,
2092 1739 2329 1825 quibus

279 1850 347 1895 se
401 1828 817 1915 adprobaret,
871 1834 937 1896 et
981 1830 1217 1914 malos,
1271 1831 1343 1896 in
1388 1830 1624 1916 quibus
1668 1829 1803 1896 vim
1848 1850 2035 1896 suam
2080 1830 2330 1915 experi-

275 1915 510 2006 retur):
572 1941 746 1986 nunc
809 1942 961 1986 vero
1024 1921 1095 1985 in
1157 1924 1341 1986 tanta
1402 1921 1723 1986 bonorum
1779 1924 2063 2006 egestate
2109 1920 2329 1985 minus
2368 1939 2423 1980 20

277 2007 614 2074 fastidiosa
658 2010 775 2074 fiat
818 2008 1064 2075 electio.
1138 2010 1486 2094 praecipue
1531 2013 1751 2074 tamen
1786 2009 2074 2075 vitentur
2108 2008 2329 2074 tristes

277 2100 343 2162 et
389 2097 606 2162 omnia
652 2098 1087 2183 deplorantes,
1136 2099 1369 2182 quibus
1415 2099 1599 2165 nulla
1640 2119 1777 2164 non
1822 2119 2016 2164 causa
2060 2099 2131 2162 in
2172 2120 2331 2183 que·

276 2185 466 2251 rellas
531 2187 760 2270 placet.
851 2192 1105 2255 constet
1167 2188 1267 2252 illi
1325 2188 1480 2254 licet
1534 2187 1693 2254 fides
1750 2191 1816 2255 et
1870 2187 2330 2270 benivolentia,

274 2275 734 2360 tranquillitati
781 2281 1002 2342 tamen
1045 2277 1347 2344 inimicus
1394 2281 1494 2343 est
1537 2298 1753 2343 comes
1794 2277 2215 2362 perturbatus
2262 2281 2331 2342 et

277 2387 496 2430 omma
541 2387 823 2452 gemens.
2368 2387 2420 2426 ει

453 2470 628 2537 VIII.
701 2472 1126 2540 Transeamus
1187 2475 1270 2539 ad
1326 2473 1739 2565 patrimonia,
1800 2474 2150 2539 maximam
2208 2473 2331 2540 hu·
2536 2489 2538 2573 4

273 2583 608 2626 manarum
669 2585 1122 2638 aerumnarum
1182 2564 1546 2649 materiam3
1602 2586 1755 2629 nam
1817 2562 1871 2630 si
1932 2564 2156 2629 omnia
2198 2563 2331 2629 alia

274 2651 508 2734 quibus
528 2651 826 2738 angimur
854 2674 1216 2738 compares,
1250 2656 1522 2738 mortes,
1556 2653 2063 2740 aegrotationes,
2090 2656 2326 2737 metus,

271 2739 609 2825 desideria,
684 2741 980 2807 dolorum
1052 2743 1479 2828 laborumque
1547 2743 1956 2827 patientiam,
2030 2763 2179 2808 cum
2244 2741 2328 2808 iis

273 2850 435 2913 quae
494 2831 682 2896 nobis
743 2832 914 2896 mala
972 2833 1246 2917 pecunia
1309 2836 1534 2897 nostra
1599 2831 1887 2915 exhibet,
1948 2830 2109 2897 ha'ec
2173 2851 2327 2916 pars
2368 2851 2423 2891 ³0

271 2919 550 2984 multum
605 2921 1072 3007 praegravabit.
1163 2920 1384 3006 itaque
1430 2921 1847 3007 cogitandum
1896 2924 2023 3004 est,
2078 2924 2329 3005 quanto

447 3092 484 3147 3
520 3095 716 3163 itaque
752 3095 1228 3164 quemadmodum
1274 3097 1474 3166 scripsi
1511 3097 1630 3152 coll.
1650 3095 1797 3166 dial.
1828 3095 1883 3151 V
1914 3098 1966 3161 5,
1993 3101 2026 3150 1
2071 3094 2221 3164 itaq3
2257 3097 2329 3148 ut

271 3163 420 3232 quod
450 3166 505 3220 A
541 3165 737 3235 itaque
772 3169 840 3220 ut
874 3168 1009 3238 woly.
1058 3166 1254 3235 itaque
1291 3169 1359 3221 ut
1395 3166 1683 3236 quondam
1720 3166 1884 3222 Gertz
1926 3166 2123 3234 itaque
2158 3168 2226 3220 ut
2260 3165 2328 3220 id

269 3235 588 3306 Petscheniy
623 3238 819 3306 itaque
855 3241 922 3292 ut
957 3239 1019 3292 in
1055 3243 1196 3308 pest.
1237 3254 1463 3308 quoque
1502 3239 1689 3295 Heme
1734 3236 1754 3310 11
1798 3237 1871 3292 10
1906 3237 2060 3292 istud
2089 3238 2147 3292 A
2182 3252 2324 3293 corr.

268 3306 405 3376 volq.
451 3306 472 3379 Η
521 3307 588 3362 11
629 3309 704 3363 sit
745 3309 908 3365 Gertz
946 3312 1035 3365 est
1068 3312 1123 3366 A
1167 3310 1189 3384 ΙΙ
1235 3307 1311 3365 23
1346 3309 1434 3365 illi
1463 3310 1519 3365 Α
1556 3308 1671 3364 illis
1700 3310 2049 3381 Wesenbem,
2086 3307 2185 3365 sed
2219 3307 2325 3376 cfr.

269 3377 499 3432 similem
549 3379 796 3436 ordinem
845 3383 1133 3438 verborum
1180 3384 1245 3437 in
1294 3398 1414 3451 cap.
1452 3386 1506 3450 3,
1536 3389 1569 3443 1
1619 3387 1755 3438 extr.
1806 3381 1829 3454 ΙΙ
1874 3379 1949 3436 80
1995 3379 2187 3436 exibet
2222 3379 2329 3453 Δί,

271 3447 668 3515 adspirationis
703 3454 922 3522 signum
965 3462 998 3520 }-
1040 3453 1167 3510 add.
1197 3471 1239 3510 s.
1268 3472 1318 3509 v.
1347 3455 1477 3521 fort.
1508 3451 1595 3510 A'
2186 3459 2191 3466 ’
