2544 3746
846 45 945 100 DE
981 45 1489 102 PROVIDENTIA
1526 46 1679 104 CAP.
1712 55 1743 104 3
2278 54 2315 118 7

277 215 360 258 ex
385 195 538 257 voto
566 191 666 256 illi
701 191 1008 256 fluxerint
1044 191 1289 276 omnia,
1324 197 1400 258 ut
1436 197 1585 259 ante
1611 197 1837 260 votum
1848 243 1867 278 ‚
1904 195 2073 260 male
2098 197 2319 260 tamen

275 282 358 348 de
421 281 535 346 illo
599 280 692 347 dii
761 280 1232 348 iudicaverunt:
1305 281 1610 368 indignus
1672 283 1850 349 visus
1926 287 2027 349 est
2088 307 2127 350 a
2188 305 2316 368 quo

273 370 640 439 vinceretur
674 370 1020 456 aliquando
1057 369 1347 454 fortuna,
1384 393 1547 455 quae
1574 373 2065 458 ignavissimum
2100 395 2319 458 quem·

276 481 405 567 que
439 459 708 548 refugit,
755 461 938 546 quasi
973 459 1172 525 dieat:
1218 461 1395 545 ‘quid
1434 483 1555 547 ego
1592 461 1790 528 istum
1828 461 1991 528 mihi
2028 463 2319 529 adversa·

215 571 240 615 ³
271 571 446 620 num
492 549 868 616 adsumam?
935 549 1154 614 statim
1201 571 1382 614 arma
1425 550 1791 635 submittet3
1835 573 1971 616 non
2016 573 2181 636 opus
2220 556 2321 618 est

183 1018 239 1057 10

184 1464 240 1504 15

187 2356 248 2397 25

275 639 347 708 in
391 637 577 705 illum
622 643 764 702 tota
799 639 1092 722 potentia
1127 661 1298 722 mea,
1340 639 1471 705 levi
1509 639 1988 706 nominatione
2022 642 2321 726 pelletur,

275 749 410 792 non
486 731 704 812 potest
779 727 1094 793 sustinere
1156 729 1413 794 vultum
1479 751 1711 795 meum.
1821 729 1986 795 alius
2050 731 2320 796 circum·-

276 817 588 902 spiciatur
646 837 794 882 cum
856 838 984 903 quo
1045 817 1335 884 conferre
1393 817 1717 903 possimus
1773 841 2065 904 manum3
2118 818 2321 904 pudet

275 906 586 992 congredi
613 926 760 972 cum
787 905 1050 973 homine
1077 907 1249 972 vinci
1287 907 1557 992 parato?
1620 908 2046 994 ignominiam
2078 908 2321 974 iudicat
2358 925 2391 973 4

275 995 602 1082 gladiator
644 1018 792 1063 cum
828 995 1130 1062 inferiore
1167 998 1471 1081 componi
1508 1001 1574 1062 et
1610 997 1735 1063 scit
1761 1020 1911 1063 eum
1939 999 2077 1065 sine
2114 997 2323 1084 gloria

275 1085 481 1170 vinci,
539 1086 650 1172 qui
705 1085 842 1151 sine
888 1085 1176 1170 periculo
1223 1086 1522 1151 vincitur.
1614 1086 1785 1151 idem
1830 1085 1989 1152 facit
2033 1087 2321 1152 fortuna:

277 1174 666 1241 fortissimos
713 1174 840 1242 sibi
873 1196 1060 1262 pares
1100 1175 1379 1259 quaerit,
1424 1177 1738 1260 quosdam
1773 1176 2035 1242 fastidio
2072 1176 2322 1242 transit.

278 1265 918 1331 contumacissimum
966 1284 1287 1349 quemque
1334 1268 1400 1330 et
1441 1265 1875 1330 rectissimum
1932 1265 2325 1351 aggreditur,

277 1353 585 1420 adversus
632 1374 823 1437 quem
855 1353 985 1418 vim
1032 1375 1215 1418 suam
1260 1353 1581 1419 intendatz
1627 1355 1844 1439 ignem
1883 1355 2213 1438 experitur
2256 1355 2326 1418 in

277 1441 526 1526 Mucio,
581 1445 1028 1527 paupertatem
1101 1443 1172 1508 in
1215 1441 1541 1526 Fabricio,
1603 1443 1867 1508 exilium
1927 1444 1997 1507 in
2056 1442 2327 1526 Rutilio,

279 1535 606 1597 tormenta
664 1532 734 1597 in
780 1530 1061 1617 Regale,
1105 1553 1425 1598 venenum
1481 1533 1551 1596 in
1596 1530 1887 1615 Socrate,
1932 1535 2211 1598 mortem
2256 1533 2326 1596 in

279 1619 543 1686 Catone.
646 1642 954 1706 magnum
1015 1620 1383 1705 exemplum
1442 1621 1571 1685 nisi
1640 1622 1810 1684 mala
1866 1621 2131 1686 fortuna
2191 1643 2327 1686 non

281 1710 546 1776 invenit.
611 1709 836 1775 infelix
882 1714 981 1776 est
1015 1709 1297 1792 Mucius,
1344 1711 1518 1793 quod
1556 1711 1781 1776 dextra
1816 1710 1999 1795 ignes
2036 1709 2324 1775 hostium
2365 1725 2397 1772 ὅ

281 1798 522 1886 premit
578 1802 646 1865 et
701 1799 839 1885 ipse
885 1822 924 1863 a
970 1820 1038 1862 se
1084 1799 1288 1887 exigit
1342 1798 1573 1863 erroris
1630 1799 1731 1864 sui
1775 1798 2062 1885 poenas?
2153 1799 2326 1883 quod

281 1910 532 1977 regem,
578 1908 770 1972 quem
817 1893 1064 1953 armata
1107 1911 1305 1954 manu
1349 1911 1485 1954 non
1526 1890 1772 1974 potuit,
1826 1893 2053 1954 exusta
2096 1888 2326 1975 fugat?

283 1976 442 2061 quid
501 1978 700 2063 ergo?
788 1977 1042 2043 felicior
1097 1982 1295 2061 esset,
1354 1978 1409 2043 si
1468 1978 1537 2042 in
1591 1978 1738 2043 sinu
1792 1978 2033 2043 amicae
2077 1978 2328 2043 foveret

283 2066 595 2131 manum?
673 2066 901 2131 infelix
946 2070 1044 2131 est
1088 2066 1451 2149 Fabricius,
1498 2066 1671 2150 quod
1716 2089 1825 2132 rus
1865 2090 2083 2150 suum,
2130 2087 2327 2151 quan-
2366 2082 2396 2129 6

281 2161 427 2221 tum
456 2179 495 2220 a
521 2179 590 2220 re
617 2156 879 2241 publica
907 2158 1184 2240 vacavit,
1229 2156 1441 2222 fodit?
1511 2156 1684 2240 quod
1722 2156 1969 2222 bellum
2003 2161 2141 2221 tam
2179 2177 2327 2222 cum

283 2245 536 2330 Pyrrho
586 2266 778 2330 quam
826 2267 972 2311 cum
1011 2246 1252 2311 divitiis
1282 2244 1499 2333 gerit?
1564 2246 1738 2331 quod
1766 2246 1847 2311 ad
1883 2246 2102 2311 focum
2142 2250 2329 2311 cenat

285 2335 432 2399 illas
478 2336 649 2419 ipsas
693 2335 940 2400 radices
988 2341 1052 2400 et
1096 2335 1329 2400 herbas
1387 2356 1545 2419 quas
1602 2335 1673 2400 in
1714 2336 2123 2420 repurgando
2171 2356 2325 2421 agro

284 2422 698 2508 triumphalis
758 2444 953 2490 senex
997 2423 1238 2489 vulsit?
1332 2423 1486 2507 quid
1546 2424 1745 2511 ergo?
1834 2424 2086 2489 felicior
2143 2427 2329 2506 esset,

286 2514 346 2577 si
405 2512 474 2576 in
517 2516 808 2578 ventrem
867 2534 1056 2577 suum
1114 2514 1458 2599 longinqui
1515 2513 1726 2578 litoris
1786 2514 1995 2597 pisces
2042 2517 2109 2579 et
2151 2534 2329 2596 pere-

286 2601 477 2687 grina
534 2602 808 2687 aucupia
871 2607 1271 2688 congereret,
1337 2604 1392 2667 si
1457 2602 1789 2687 conchylis
1854 2602 2071 2687 superi
2134 2606 2329 2687 atque

285 2691 480 2756 inferi
524 2691 718 2757 maris
764 2690 1092 2778 pigritiam
1151 2692 1471 2757 stomachi
1523 2692 1880 2757 nausiantis
1923 2692 2224 2777 erigeret,
2274 2693 2331 2757 si

286 2780 538 2868 ingenti
596 2802 937 2865 pomorum
985 2786 1160 2846 strue
1220 2782 1508 2867 cingeret
1561 2781 1806 2865 primae
1851 2780 2097 2846 formae
2142 2781 2330 2864 feras,

469 2988 504 3043 2
542 3004 688 3063 aquo
727 2992 788 3059 (q
822 3007 958 3046 corr.
989 3008 1057 3045 ex
1087 2990 1145 3061 b)
1175 2990 1258 3045 A¹
1293 2989 1315 3063 ΙΙ
1349 2990 1385 3044 4
1412 3006 1517 3059 ego
1549 2990 1687 3061 voly.
1718 3006 1851 3059 ergo
1880 2990 1938 3043 A
1970 2989 1992 3061 Η
2026 2989 2063 3043 9
2090 2989 2337 3062 paratos]

289 3061 376 3116 Af»
410 3063 675 3131 paratam
703 3061 788 3115 A²
820 3060 842 3135 Η
881 3061 960 3115 12,
989 3062 1210 3115 transit.
1253 3061 1418 3117 Gertz
1452 3062 1832 3131 imemunaein
1866 3061 2100 3129 transit,
2136 3062 2275 3131 voly.
2311 3060 2333 3133 Η

288 3131 364 3186 16
399 3132 721 3187 int-,atonem
749 3133 804 3187 A
841 3148 976 3188 corr.
1003 3134 1142 3203 voly.
1169 3132 1192 3205 Η
1225 3132 1299 3187 28
1334 3131 1568 3203 arepb'a
1594 3132 1679 3188 A¹
1712 3134 1777 3187 in
1808 3148 1920 3187 are.
1949 3150 2004 3202 p.
2035 3149 2173 3187 corr.
2202 3132 2288 3187 Α5

289 3204 458 3279 verba
493 3204 644 3272 quod
679 3202 892 3257 bellum
935 3206 1000 3258 in
1041 3222 1165 3259 mar
1212 3206 1292 3259 ’ne
1335 3204 1465 3259 add.
1504 3203 1589 3259 A’
1624 3206 1953 3273 ponetisque
1997 3204 2333 3275 significavit

283 3282 417 3343 post
451 3274 600 3329 fodit
635 3275 928 3330 inserenda
962 3291 1078 3330 esse
1104 3274 1126 3359 ΙΙ
1197 3275 1233 3329 4
1257 3274 1469 3345 phyrro
1498 3276 1553 3330 A
1596 3275 1611 3359 [
1646 3275 1910 3329 adfocum
1947 3292 2017 3330 ex
2053 3273 2155 3328 aff·
2192 3291 2331 3330 eor-r.

293 3348 448 3401 A¹-'
483 3345 504 3418 ΙΙ
537 3344 610 3401 28
647 3344 935 3415 conchyljs
961 3348 1018 3401 A
1053 3346 1171 3401 -his
1207 3348 1347 3416 voly.
1390 3345 1527 3470 11130
1562 3347 1881 3415 cingeretur
1908 3347 1965 3400 A
2001 3348 2065 3417 (g
2100 3362 2236 3401 corr.
2265 3363 2333 3401 ex

295 3433 325 3470 c
363 3418 491 3481 fort.
521 3435 588 3472 m.
617 3420 673 3487 2)
713 3434 849 3473 corr.
880 3418 1012 3488 volq.
1055 3418 1308 3487 cingeret
1340 3433 1408 3471 ve
1471 3417 1635 3473 Gertz
