<?xml version="1.0" encoding="UTF-8"?>
<!DOCTYPE html PUBLIC "-//W3C//DTD XHTML 1.0 Transitional//EN"
    "http://www.w3.org/TR/xhtml1/DTD/xhtml1-transitional.dtd">
<html xmlns="http://www.w3.org/1999/xhtml" xml:lang="en" lang="en">
 <head>
  <title>
</title>
<meta http-equiv="Content-Type" content="text/html;charset=utf-8" />
  <meta name='ocr-system' content='tesseract 3.04.00' />
  <meta name='ocr-capabilities' content='ocr_page ocr_carea ocr_par ocr_line ocrx_word'/>
</head>
<body>
  <div class='ocr_page' id='page_1' title='image "./lannaeisenecaeo01unkngoog_0159.png"; bbox 0 0 2544 3746; ppageno 0'>
   <div class='ocr_carea' id='block_1_1' title="bbox 165 1021 226 1061">
    <p class='ocr_par' dir='ltr' id='par_1_1' title="bbox 165 1021 226 1061">
     <span class='ocr_line' id='line_1_1' title="bbox 165 1021 226 1061; baseline 0 0"><span class='ocrx_word' id='word_1_1' title='bbox 165 1021 226 1061; x_wconf 84' lang='lat'><strong>10</strong></span> 
     </span>
    </p>
   </div>
   <div class='ocr_carea' id='block_1_2' title="bbox 165 1466 226 1507">
    <p class='ocr_par' dir='ltr' id='par_1_2' title="bbox 165 1466 226 1507">
     <span class='ocr_line' id='line_1_2' title="bbox 165 1466 226 1507; baseline 0 0"><span class='ocrx_word' id='word_1_2' title='bbox 165 1466 226 1507; x_wconf 77' lang='lat'><strong>15</strong></span> 
     </span>
    </p>
   </div>
   <div class='ocr_carea' id='block_1_3' title="bbox 714 48 2295 119">
    <p class='ocr_par' dir='ltr' id='par_1_3' title="bbox 714 48 2295 119">
     <span class='ocr_line' id='line_1_3' title="bbox 714 48 2295 119; baseline 0.003 -14"><span class='ocrx_word' id='word_1_3' title='bbox 714 49 813 105; x_wconf 85' lang='lat' dir='ltr'><strong>DE</strong></span> <span class='ocrx_word' id='word_1_4' title='bbox 849 49 977 105; x_wconf 75' lang='lat' dir='ltr'><strong>IRA</strong></span> <span class='ocrx_word' id='word_1_5' title='bbox 1012 48 1148 104; x_wconf 88' lang='lat' dir='ltr'><strong>LIB.</strong></span> <span class='ocrx_word' id='word_1_6' title='bbox 1175 48 1271 104; x_wconf 92' lang='lat'><strong>111.</strong></span> <span class='ocrx_word' id='word_1_7' title='bbox 1337 48 1490 105; x_wconf 77' lang='lat' dir='ltr'><strong>CAP.</strong></span> <span class='ocrx_word' id='word_1_8' title='bbox 1522 54 1605 105; x_wconf 76' lang='lat'><strong>24.</strong></span> <span class='ocrx_word' id='word_1_9' title='bbox 1636 54 1723 103; x_wconf 82' lang='lat'><strong>25.</strong></span> <span class='ocrx_word' id='word_1_10' title='bbox 1753 54 1821 105; x_wconf 79' lang='lat'><strong>26</strong></span> <span class='ocrx_word' id='word_1_11' title='bbox 2167 52 2295 119; x_wconf 81' lang='lat'><strong>135</strong></span> 
     </span>
    </p>
   </div>
   <div class='ocr_carea' id='block_1_4' title="bbox 256 193 2387 3138">
    <p class='ocr_par' dir='ltr' id='par_1_4' title="bbox 256 193 2375 1957">
     <span class='ocr_line' id='line_1_4' title="bbox 257 193 2295 280; baseline -0 -19"><span class='ocrx_word' id='word_1_12' title='bbox 257 198 438 279; x_wconf 82' lang='lat' dir='ltr'><strong>cant,</strong></span> <span class='ocrx_word' id='word_1_13' title='bbox 481 196 664 261; x_wconf 78' lang='lat' dir='ltr'><strong>cuius</strong></span> <span class='ocrx_word' id='word_1_14' title='bbox 707 216 842 260; x_wconf 92' lang='lat' dir='ltr'><strong>non</strong></span> <span class='ocrx_word' id='word_1_15' title='bbox 886 215 1064 260; x_wconf 91' lang='lat' dir='ltr'><strong>error</strong></span> <span class='ocrx_word' id='word_1_16' title='bbox 1106 194 1342 260; x_wconf 80' lang='lat' dir='ltr'><strong>bonam</strong></span> <span class='ocrx_word' id='word_1_17' title='bbox 1391 216 1647 260; x_wconf 88' lang='lat' dir='ltr'><strong>causam</strong></span> <span class='ocrx_word' id='word_1_18' title='bbox 1693 193 1930 260; x_wconf 78' lang='lat' dir='ltr'><strong>habet?</strong></span> <span class='ocrx_word' id='word_1_19' title='bbox 2002 194 2295 280; x_wconf 89' lang='lat' dir='ltr'><strong>respicia-</strong></span> 
     </span>
     <span class='ocr_line' id='line_1_5' title="bbox 260 283 2298 370; baseline -0.001 -19"><span class='ocrx_word' id='word_1_20' title='bbox 260 306 405 351; x_wconf 85' lang='lat' dir='ltr'><strong>mus</strong></span> <span class='ocrx_word' id='word_1_21' title='bbox 454 285 753 368; x_wconf 88' lang='lat' dir='ltr'><strong>quotiens</strong></span> <span class='ocrx_word' id='word_1_22' title='bbox 799 284 1232 349; x_wconf 83' lang='lat' dir='ltr'><strong>adulescentia</strong></span> <span class='ocrx_word' id='word_1_23' title='bbox 1274 288 1499 350; x_wconf 87' lang='lat' dir='ltr'><strong>nostra</strong></span> <span class='ocrx_word' id='word_1_24' title='bbox 1551 283 1622 348; x_wconf 90' lang='lat' dir='ltr'><strong>in</strong></span> <span class='ocrx_word' id='word_1_25' title='bbox 1666 284 1885 350; x_wconf 82' lang='lat' dir='ltr'><strong>officio</strong></span> <span class='ocrx_word' id='word_1_26' title='bbox 1930 307 2161 370; x_wconf 87' lang='lat' dir='ltr'><strong>parum</strong></span> <span class='ocrx_word' id='word_1_27' title='bbox 2207 284 2298 349; x_wconf 90' lang='lat' dir='ltr'><strong>di-</strong></span> 
     </span>
     <span class='ocr_line' id='line_1_6' title="bbox 256 373 2299 462; baseline -0 -22"><span class='ocrx_word' id='word_1_28' title='bbox 256 376 469 462; x_wconf 85' lang='lat' dir='ltr'><strong>ligens</strong></span> <span class='ocrx_word' id='word_1_29' title='bbox 516 374 740 457; x_wconf 83' lang='lat' dir='ltr'><strong>fuerit,</strong></span> <span class='ocrx_word' id='word_1_30' title='bbox 785 374 855 439; x_wconf 90' lang='lat' dir='ltr'><strong>in</strong></span> <span class='ocrx_word' id='word_1_31' title='bbox 902 395 1194 439; x_wconf 87' lang='lat' dir='ltr'><strong>sermone</strong></span> <span class='ocrx_word' id='word_1_32' title='bbox 1239 395 1469 458; x_wconf 91' lang='lat' dir='ltr'><strong>parum</strong></span> <span class='ocrx_word' id='word_1_33' title='bbox 1515 373 1831 457; x_wconf 88' lang='lat' dir='ltr'><strong>modesta,</strong></span> <span class='ocrx_word' id='word_1_34' title='bbox 1877 374 1945 438; x_wconf 92' lang='lat' dir='ltr'><strong>in</strong></span> <span class='ocrx_word' id='word_1_35' title='bbox 1991 375 2142 439; x_wconf 79' lang='lat' dir='ltr'><strong>vino</strong></span> <span class='ocrx_word' id='word_1_36' title='bbox 2189 396 2299 459; x_wconf 90' lang='lat' dir='ltr'><strong>pa—</strong></span> 
     </span>
     <span class='ocr_line' id='line_1_7' title="bbox 257 461 2297 549; baseline 0 -20"><span class='ocrx_word' id='word_1_37' title='bbox 257 486 404 529; x_wconf 83' lang='lat' dir='ltr'><strong>rum</strong></span> <span class='ocrx_word' id='word_1_38' title='bbox 449 467 832 549; x_wconf 73' lang='lat' dir='ltr'><strong>temperans.</strong></span> <span class='ocrx_word' id='word_1_39' title='bbox 909 464 963 528; x_wconf 88' lang='lat' dir='ltr'><strong>si</strong></span> <span class='ocrx_word' id='word_1_40' title='bbox 1009 464 1208 528; x_wconf 85' lang='lat' dir='ltr'><strong>iratus</strong></span> <span class='ocrx_word' id='word_1_41' title='bbox 1255 466 1384 546; x_wconf 88' lang='lat' dir='ltr'><strong>est,</strong></span> <span class='ocrx_word' id='word_1_42' title='bbox 1430 462 1651 528; x_wconf 87' lang='lat' dir='ltr'><strong>demus</strong></span> <span class='ocrx_word' id='word_1_43' title='bbox 1688 462 1787 527; x_wconf 84' lang='lat' dir='ltr'><strong>illi</strong></span> <span class='ocrx_word' id='word_1_44' title='bbox 1823 461 2132 549; x_wconf 89' lang='lat' dir='ltr'><strong>spatium,</strong></span> <span class='ocrx_word' id='word_1_45' title='bbox 2170 485 2297 549; x_wconf 91' lang='lat' dir='ltr'><strong>quo</strong></span> 
     </span>
     <span class='ocr_line' id='line_1_8' title="bbox 261 544 2301 639; baseline -0 -21"><span class='ocrx_word' id='word_1_46' title='bbox 261 544 576 637; x_wconf 75' lang='lat' dir='ltr'><strong>dispicere</strong></span> <span class='ocrx_word' id='word_1_47' title='bbox 622 551 778 636; x_wconf 90' lang='lat' dir='ltr'><strong>quid</strong></span> <span class='ocrx_word' id='word_1_48' title='bbox 823 551 1048 617; x_wconf 88' lang='lat' dir='ltr'><strong>fecerit</strong></span> <span class='ocrx_word' id='word_1_49' title='bbox 1090 551 1325 635; x_wconf 86' lang='lat' dir='ltr'><strong>possit.</strong></span> <span class='ocrx_word' id='word_1_50' title='bbox 1370 551 1509 635; x_wconf 90' lang='lat' dir='ltr'><strong>ipse</strong></span> <span class='ocrx_word' id='word_1_51' title='bbox 1554 574 1623 617; x_wconf 88' lang='lat' dir='ltr'><strong>se</strong></span> <span class='ocrx_word' id='word_1_52' title='bbox 1668 552 2026 639; x_wconf 74' lang='lat' dir='ltr'><strong>castigabit.</strong></span> <span class='ocrx_word' id='word_1_53' title='bbox 2128 551 2301 617; x_wconf 89' lang='lat' dir='ltr'><strong>deni-</strong></span> 
     </span>
     <span class='ocr_line' id='line_1_9' title="bbox 262 640 2301 727; baseline -0.001 -20"><span class='ocrx_word' id='word_1_54' title='bbox 262 662 388 727; x_wconf 90' lang='lat' dir='ltr'><strong>que</strong></span> <span class='ocrx_word' id='word_1_55' title='bbox 435 641 662 707; x_wconf 90' lang='lat' dir='ltr'><strong>debeat</strong></span> <span class='ocrx_word' id='word_1_56' title='bbox 707 662 974 726; x_wconf 84' lang='lat' dir='ltr'><strong>poenas:</strong></span> <span class='ocrx_word' id='word_1_57' title='bbox 1023 662 1157 705; x_wconf 92' lang='lat' dir='ltr'><strong>non</strong></span> <span class='ocrx_word' id='word_1_58' title='bbox 1201 644 1302 706; x_wconf 88' lang='lat' dir='ltr'><strong>est</strong></span> <span class='ocrx_word' id='word_1_59' title='bbox 1347 640 1522 724; x_wconf 88' lang='lat' dir='ltr'><strong>quod</strong></span> <span class='ocrx_word' id='word_1_60' title='bbox 1566 661 1715 707; x_wconf 90' lang='lat' dir='ltr'><strong>cum</strong></span> <span class='ocrx_word' id='word_1_61' title='bbox 1762 642 1877 707; x_wconf 81' lang='lat' dir='ltr'><strong>ino</strong></span> <span class='ocrx_word' id='word_1_62' title='bbox 1923 641 2104 726; x_wconf 89' lang='lat' dir='ltr'><strong>paria</strong></span> <span class='ocrx_word' id='word_1_63' title='bbox 2147 641 2301 707; x_wconf 87' lang='lat' dir='ltr'><strong>faci·</strong></span> 
     </span>
     <span class='ocr_line' id='line_1_10' title="bbox 261 729 2369 814; baseline 0 -17"><span class='ocrx_word' id='word_1_64' title='bbox 261 753 464 797; x_wconf 78' lang='lat' dir='ltr'><strong>amus.</strong></span> <span class='ocrx_word' id='word_1_65' title='bbox 557 730 723 795; x_wconf 83' lang='lat' dir='ltr'><strong>inud</strong></span> <span class='ocrx_word' id='word_1_66' title='bbox 775 752 909 795; x_wconf 91' lang='lat' dir='ltr'><strong>non</strong></span> <span class='ocrx_word' id='word_1_67' title='bbox 961 730 1178 795; x_wconf 83' lang='lat' dir='ltr'><strong>veniet</strong></span> <span class='ocrx_word' id='word_1_68' title='bbox 1221 732 1293 795; x_wconf 91' lang='lat' dir='ltr'><strong>in</strong></span> <span class='ocrx_word' id='word_1_69' title='bbox 1338 729 1631 813; x_wconf 91' lang='lat' dir='ltr'><strong>dubium,</strong></span> <span class='ocrx_word' id='word_1_70' title='bbox 1679 730 1837 814; x_wconf 90' lang='lat' dir='ltr'><strong>quin</strong></span> <span class='ocrx_word' id='word_1_71' title='bbox 1882 753 1948 796; x_wconf 89' lang='lat' dir='ltr'><strong>se</strong></span> <span class='ocrx_word' id='word_1_72' title='bbox 1994 731 2303 797; x_wconf 86' lang='lat' dir='ltr'><strong>exemerit</strong></span> <span class='ocrx_word' id='word_1_73' title='bbox 2337 750 2369 798; x_wconf 82' lang='grc'><strong>3</strong></span> 
     </span>
     <span class='ocr_line' id='line_1_11' title="bbox 261 818 2301 904; baseline 0 -19"><span class='ocrx_word' id='word_1_74' title='bbox 261 820 488 886; x_wconf 89' lang='lat' dir='ltr'><strong>turbae</strong></span> <span class='ocrx_word' id='word_1_75' title='bbox 551 823 618 885; x_wconf 89' lang='lat' dir='ltr'><strong>et</strong></span> <span class='ocrx_word' id='word_1_76' title='bbox 681 820 874 885; x_wconf 83' lang='lat' dir='ltr'><strong>altius</strong></span> <span class='ocrx_word' id='word_1_77' title='bbox 934 820 1184 885; x_wconf 87' lang='lat' dir='ltr'><strong>steterit</strong></span> <span class='ocrx_word' id='word_1_78' title='bbox 1231 818 1523 904; x_wconf 87' lang='lat' dir='ltr'><strong>quisquis</strong></span> <span class='ocrx_word' id='word_1_79' title='bbox 1569 819 1862 904; x_wconf 74' lang='lat' dir='ltr'><strong>despexit</strong></span> <span class='ocrx_word' id='word_1_80' title='bbox 1902 820 2301 886; x_wconf 82' lang='lat' dir='ltr'><strong>lacessentis:</strong></span> 
     </span>
     <span class='ocr_line' id='line_1_12' title="bbox 261 907 2300 1013; baseline -0 -38"><span class='ocrx_word' id='word_1_81' title='bbox 261 910 600 1013; x_wconf 87' lang='lat' dir='ltr'><strong>proprium</strong></span> <span class='ocrx_word' id='word_1_82' title='bbox 638 912 736 975; x_wconf 87' lang='lat' dir='ltr'><strong>est</strong></span> <span class='ocrx_word' id='word_1_83' title='bbox 773 907 1232 995; x_wconf 75' lang='lat' dir='ltr'><strong>magnitudinis</strong></span> <span class='ocrx_word' id='word_1_84' title='bbox 1261 928 1447 975; x_wconf 79' lang='lat' dir='ltr'><strong>verae</strong></span> <span class='ocrx_word' id='word_1_85' title='bbox 1477 930 1611 974; x_wconf 92' lang='lat' dir='ltr'><strong>non</strong></span> <span class='ocrx_word' id='word_1_86' title='bbox 1638 909 1873 975; x_wconf 88' lang='lat' dir='ltr'><strong>sentire</strong></span> <span class='ocrx_word' id='word_1_87' title='bbox 1910 931 2300 1011; x_wconf 84' lang='lat' dir='ltr'><strong>percussum.</strong></span> 
     </span>
     <span class='ocr_line' id='line_1_13' title="bbox 263 997 2304 1084; baseline -0.001 -18"><span class='ocrx_word' id='word_1_88' title='bbox 263 1000 360 1068; x_wconf 86' lang='lat' dir='ltr'><strong>sic</strong></span> <span class='ocrx_word' id='word_1_89' title='bbox 405 998 684 1064; x_wconf 82' lang='lat' dir='ltr'><strong>inmanis</strong></span> <span class='ocrx_word' id='word_1_90' title='bbox 721 998 859 1063; x_wconf 86' lang='lat' dir='ltr'><strong>fera</strong></span> <span class='ocrx_word' id='word_1_91' title='bbox 905 997 986 1062; x_wconf 88' lang='lat' dir='ltr'><strong>ad</strong></span> <span class='ocrx_word' id='word_1_92' title='bbox 1020 998 1328 1064; x_wconf 88' lang='lat' dir='ltr'><strong>latratum</strong></span> <span class='ocrx_word' id='word_1_93' title='bbox 1377 1019 1607 1064; x_wconf 85' lang='lat' dir='ltr'><strong>canum</strong></span> <span class='ocrx_word' id='word_1_94' title='bbox 1652 998 1830 1064; x_wconf 87' lang='lat' dir='ltr'><strong>lenta</strong></span> <span class='ocrx_word' id='word_1_95' title='bbox 1863 1000 2167 1084; x_wconf 77' lang='lat' dir='ltr'><strong>respexit,</strong></span> <span class='ocrx_word' id='word_1_96' title='bbox 2211 998 2304 1064; x_wconf 87' lang='lat' dir='ltr'><strong>sic</strong></span> 
     </span>
     <span class='ocr_line' id='line_1_14' title="bbox 261 1086 2305 1189; baseline -0.001 -35"><span class='ocrx_word' id='word_1_97' title='bbox 261 1086 498 1154; x_wconf 86' lang='lat' dir='ltr'><strong>inritus</strong></span> <span class='ocrx_word' id='word_1_98' title='bbox 543 1088 792 1173; x_wconf 83' lang='lat' dir='ltr'><strong>ingenti</strong></span> <span class='ocrx_word' id='word_1_99' title='bbox 837 1086 1104 1189; x_wconf 80' lang='lat' dir='ltr'><strong>scopulo</strong></span> <span class='ocrx_word' id='word_1_100' title='bbox 1151 1086 1387 1153; x_wconf 87' lang='lat' dir='ltr'><strong>fluctus</strong></span> <span class='ocrx_word' id='word_1_101' title='bbox 1444 1086 1739 1152; x_wconf 80' lang='lat' dir='ltr'><strong>adsultat.</strong></span> <span class='ocrx_word' id='word_1_102' title='bbox 1819 1086 1933 1172; x_wconf 89' lang='lat' dir='ltr'><strong>qui</strong></span> <span class='ocrx_word' id='word_1_103' title='bbox 1989 1108 2125 1153; x_wconf 91' lang='lat' dir='ltr'><strong>non</strong></span> <span class='ocrx_word' id='word_1_104' title='bbox 2181 1088 2305 1152; x_wconf 87' lang='lat' dir='ltr'><strong>ira-</strong></span> 
     </span>
     <span class='ocr_line' id='line_1_15' title="bbox 263 1175 2303 1262; baseline -0.001 -19"><span class='ocrx_word' id='word_1_105' title='bbox 263 1178 494 1262; x_wconf 87' lang='lat' dir='ltr'><strong>scitur,</strong></span> <span class='ocrx_word' id='word_1_106' title='bbox 531 1178 952 1243; x_wconf 84' lang='lat' dir='ltr'><strong>inconcussus</strong></span> <span class='ocrx_word' id='word_1_107' title='bbox 989 1175 1226 1243; x_wconf 85' lang='lat' dir='ltr'><strong>iniuria</strong></span> <span class='ocrx_word' id='word_1_108' title='bbox 1260 1176 1564 1262; x_wconf 82' lang='lat' dir='ltr'><strong>perstitit,</strong></span> <span class='ocrx_word' id='word_1_109' title='bbox 1600 1176 1711 1261; x_wconf 90' lang='lat' dir='ltr'><strong>qui</strong></span> <span class='ocrx_word' id='word_1_110' title='bbox 1748 1176 2059 1259; x_wconf 79' lang='lat' dir='ltr'><strong>irascitur,</strong></span> <span class='ocrx_word' id='word_1_111' title='bbox 2090 1181 2303 1242; x_wconf 84' lang='lat' dir='ltr'><strong>motus</strong></span> 
     </span>
     <span class='ocr_line' id='line_1_16' title="bbox 263 1265 2375 1351; baseline 0 -20"><span class='ocrx_word' id='word_1_112' title='bbox 263 1270 378 1331; x_wconf 75' lang='lat' dir='ltr'><strong>est</strong></span> <span class='ocrx_word' id='word_1_113' title='bbox 487 1269 554 1332; x_wconf 87' lang='lat' dir='ltr'><strong>at</strong></span> <span class='ocrx_word' id='word_1_114' title='bbox 608 1265 778 1351; x_wconf 83' lang='lat' dir='ltr'><strong>ifle,</strong></span> <span class='ocrx_word' id='word_1_115' title='bbox 804 1286 995 1350; x_wconf 89' lang='lat' dir='ltr'><strong>quem</strong></span> <span class='ocrx_word' id='word_1_116' title='bbox 1051 1265 1246 1339; x_wconf 85' lang='lat' dir='ltr'><strong>modo</strong></span> <span class='ocrx_word' id='word_1_117' title='bbox 1307 1266 1601 1331; x_wconf 83' lang='lat' dir='ltr'><strong>altiorem</strong></span> <span class='ocrx_word' id='word_1_118' title='bbox 1661 1266 1838 1330; x_wconf 88' lang='lat' dir='ltr'><strong>omni</strong></span> <span class='ocrx_word' id='word_1_119' title='bbox 1892 1266 2304 1331; x_wconf 86' lang='lat' dir='ltr'><strong>incommodo</strong></span> <span class='ocrx_word' id='word_1_120' title='bbox 2340 1284 2375 1333; x_wconf 78' lang='lat'>4</span> 
     </span>
     <span class='ocr_line' id='line_1_17' title="bbox 261 1348 2307 1440; baseline 0 -19"><span class='ocrx_word' id='word_1_121' title='bbox 261 1355 485 1440; x_wconf 87' lang='lat' dir='ltr'><strong>posui,</strong></span> <span class='ocrx_word' id='word_1_122' title='bbox 545 1348 722 1421; x_wconf 86' lang='lat' dir='ltr'><strong>tenet</strong></span> <span class='ocrx_word' id='word_1_123' title='bbox 785 1356 1088 1439; x_wconf 86' lang='lat' dir='ltr'><strong>amplexu</strong></span> <span class='ocrx_word' id='word_1_124' title='bbox 1153 1355 1432 1439; x_wconf 87' lang='lat' dir='ltr'><strong>quodam</strong></span> <span class='ocrx_word' id='word_1_125' title='bbox 1480 1375 1803 1420; x_wconf 89' lang='lat' dir='ltr'><strong>summum</strong></span> <span class='ocrx_word' id='word_1_126' title='bbox 1848 1355 2092 1424; x_wconf 89' lang='lat' dir='ltr'><strong>bonum</strong></span> <span class='ocrx_word' id='word_1_127' title='bbox 2106 1404 2126 1439; x_wconf 99' lang='lat'><strong>,</strong></span> <span class='ocrx_word' id='word_1_128' title='bbox 2186 1376 2307 1421; x_wconf 92' lang='lat' dir='ltr'><strong>nec</strong></span> 
     </span>
     <span class='ocr_line' id='line_1_18' title="bbox 261 1443 2309 1528; baseline 0 -19"><span class='ocrx_word' id='word_1_129' title='bbox 261 1444 516 1510; x_wconf 86' lang='lat' dir='ltr'><strong>homini</strong></span> <span class='ocrx_word' id='word_1_130' title='bbox 569 1446 854 1527; x_wconf 84' lang='lat' dir='ltr'><strong>tantum,</strong></span> <span class='ocrx_word' id='word_1_131' title='bbox 917 1444 1029 1509; x_wconf 83' lang='lat' dir='ltr'><strong>sed</strong></span> <span class='ocrx_word' id='word_1_132' title='bbox 1082 1444 1210 1528; x_wconf 91' lang='lat' dir='ltr'><strong>ipsi</strong></span> <span class='ocrx_word' id='word_1_133' title='bbox 1262 1443 1559 1509; x_wconf 80' lang='lat' dir='ltr'><strong>fortunae</strong></span> <span class='ocrx_word' id='word_1_134' title='bbox 1606 1444 1975 1527; x_wconf 82' lang='lat' dir='ltr'><strong>respondet:</strong></span> <span class='ocrx_word' id='word_1_135' title='bbox 2067 1443 2309 1509; x_wconf 76' lang='lat' dir='ltr'><strong>‘omnia</strong></span> 
     </span>
     <span class='ocr_line' id='line_1_19' title="bbox 261 1532 2307 1617; baseline -0.001 -18"><span class='ocrx_word' id='word_1_136' title='bbox 261 1534 420 1599; x_wconf 88' lang='lat' dir='ltr'><strong>licet</strong></span> <span class='ocrx_word' id='word_1_137' title='bbox 462 1532 690 1615; x_wconf 86' lang='lat' dir='ltr'><strong>facias,</strong></span> <span class='ocrx_word' id='word_1_138' title='bbox 735 1532 948 1599; x_wconf 90' lang='lat' dir='ltr'><strong>minor</strong></span> <span class='ocrx_word' id='word_1_139' title='bbox 981 1554 1078 1617; x_wconf 87' lang='lat' dir='ltr'><strong>es,</strong></span> <span class='ocrx_word' id='word_1_140' title='bbox 1127 1553 1321 1617; x_wconf 87' lang='lat' dir='ltr'><strong>quam</strong></span> <span class='ocrx_word' id='word_1_141' title='bbox 1368 1536 1445 1598; x_wconf 89' lang='lat' dir='ltr'><strong>ut</strong></span> <span class='ocrx_word' id='word_1_142' title='bbox 1489 1533 1896 1598; x_wconf 88' lang='lat' dir='ltr'><strong>serenitatem</strong></span> <span class='ocrx_word' id='word_1_143' title='bbox 1945 1554 2152 1598; x_wconf 88' lang='lat' dir='ltr'><strong>meam</strong></span> <span class='ocrx_word' id='word_1_144' title='bbox 2198 1532 2307 1597; x_wconf 86' lang='lat' dir='ltr'><strong>ob-</strong></span> 
     </span>
     <span class='ocr_line' id='line_1_20' title="bbox 265 1622 2307 1707; baseline -0 -19"><span class='ocrx_word' id='word_1_145' title='bbox 265 1623 478 1689; x_wconf 83' lang='lat' dir='ltr'><strong>ducas.</strong></span> <span class='ocrx_word' id='word_1_146' title='bbox 545 1624 722 1688; x_wconf 81' lang='lat' dir='ltr'><strong>vetat</strong></span> <span class='ocrx_word' id='word_1_147' title='bbox 756 1622 883 1689; x_wconf 86' lang='lat' dir='ltr'><strong>hoc</strong></span> <span class='ocrx_word' id='word_1_148' title='bbox 917 1622 1110 1705; x_wconf 91' lang='lat' dir='ltr'><strong>ratio,</strong></span> <span class='ocrx_word' id='word_1_149' title='bbox 1158 1622 1264 1687; x_wconf 88' lang='lat' dir='ltr'><strong>cui</strong></span> <span class='ocrx_word' id='word_1_150' title='bbox 1300 1622 1502 1687; x_wconf 82' lang='lat' dir='ltr'><strong>vitam</strong></span> <span class='ocrx_word' id='word_1_151' title='bbox 1546 1622 1894 1707; x_wconf 86' lang='lat' dir='ltr'><strong>regendam</strong></span> <span class='ocrx_word' id='word_1_152' title='bbox 1942 1622 2101 1687; x_wconf 87' lang='lat' dir='ltr'><strong>dedi.</strong></span> <span class='ocrx_word' id='word_1_153' title='bbox 2158 1622 2307 1707; x_wconf 82' lang='lat' dir='ltr'><strong>plus</strong></span> 
     </span>
     <span class='ocr_line' id='line_1_21' title="bbox 263 1710 2306 1796; baseline 0 -19"><span class='ocrx_word' id='word_1_154' title='bbox 263 1712 432 1779; x_wconf 81' lang='lat' dir='ltr'><strong>mihi</strong></span> <span class='ocrx_word' id='word_1_155' title='bbox 464 1712 762 1777; x_wconf 86' lang='lat' dir='ltr'><strong>nocitura</strong></span> <span class='ocrx_word' id='word_1_156' title='bbox 797 1714 898 1778; x_wconf 86' lang='lat' dir='ltr'><strong>est</strong></span> <span class='ocrx_word' id='word_1_157' title='bbox 941 1712 1039 1776; x_wconf 88' lang='lat' dir='ltr'><strong>ira</strong></span> <span class='ocrx_word' id='word_1_158' title='bbox 1078 1733 1270 1796; x_wconf 88' lang='lat' dir='ltr'><strong>quam</strong></span> <span class='ocrx_word' id='word_1_159' title='bbox 1317 1710 1585 1777; x_wconf 77' lang='lat' dir='ltr'><strong>iniuria:</strong></span> <span class='ocrx_word' id='word_1_160' title='bbox 1624 1711 1848 1796; x_wconf 90' lang='lat' dir='ltr'><strong>quidni</strong></span> <span class='ocrx_word' id='word_1_161' title='bbox 1884 1711 2076 1795; x_wconf 77' lang='lat' dir='ltr'><strong>plus?</strong></span> <span class='ocrx_word' id='word_1_162' title='bbox 2131 1710 2306 1777; x_wconf 81' lang='lat' dir='ltr'><strong>illius</strong></span> 
     </span>
     <span class='ocr_line' id='line_1_22' title="bbox 263 1800 2309 1887; baseline -0 -20"><span class='ocrx_word' id='word_1_163' title='bbox 263 1800 515 1867; x_wconf 89' lang='lat' dir='ltr'><strong>modus</strong></span> <span class='ocrx_word' id='word_1_164' title='bbox 553 1804 764 1867; x_wconf 84' lang='lat' dir='ltr'><strong>certus</strong></span> <span class='ocrx_word' id='word_1_165' title='bbox 821 1803 946 1886; x_wconf 82' lang='lat' dir='ltr'><strong>est,</strong></span> <span class='ocrx_word' id='word_1_166' title='bbox 993 1801 1120 1866; x_wconf 89' lang='lat' dir='ltr'><strong>ista</strong></span> <span class='ocrx_word' id='word_1_167' title='bbox 1176 1822 1304 1887; x_wconf 90' lang='lat' dir='ltr'><strong>quo</strong></span> <span class='ocrx_word' id='word_1_168' title='bbox 1360 1822 1563 1886; x_wconf 86' lang='lat' dir='ltr'><strong>usque</strong></span> <span class='ocrx_word' id='word_1_169' title='bbox 1626 1823 1729 1866; x_wconf 92' lang='lat' dir='ltr'><strong>me</strong></span> <span class='ocrx_word' id='word_1_170' title='bbox 1791 1802 2003 1866; x_wconf 89' lang='lat' dir='ltr'><strong>latura</strong></span> <span class='ocrx_word' id='word_1_171' title='bbox 2057 1800 2143 1866; x_wconf 90' lang='lat' dir='ltr'><strong>sit</strong></span> <span class='ocrx_word' id='word_1_172' title='bbox 2197 1801 2309 1866; x_wconf 89' lang='lat' dir='ltr'><strong>du·</strong></span> 
     </span>
     <span class='ocr_line' id='line_1_23' title="bbox 262 1891 632 1957; baseline -0.006 0"><span class='ocrx_word' id='word_1_173' title='bbox 262 1891 445 1957; x_wconf 91' lang='lat' dir='ltr'><strong>bium</strong></span> <span class='ocrx_word' id='word_1_174' title='bbox 494 1891 632 1956; x_wconf 66' lang='lat' dir='ltr'><strong>est?</strong></span> 
     </span>
    </p>

    <p class='ocr_par' dir='ltr' id='par_1_5' title="bbox 263 1978 2387 3138">
     <span class='ocr_line' id='line_1_24' title="bbox 447 1978 2387 2083; baseline -0.002 -37"><span class='ocrx_word' id='word_1_175' title='bbox 447 1978 682 2046; x_wconf 86' lang='lat' dir='ltr'>XXVI</span> <span class='ocrx_word' id='word_1_176' title='bbox 758 1978 934 2045; x_wconf 81' lang='lat' dir='ltr'><strong>‘Non</strong></span> <span class='ocrx_word' id='word_1_177' title='bbox 988 1979 1277 2065; x_wconf 88' lang='lat' dir='ltr'><strong>possum’</strong></span> <span class='ocrx_word' id='word_1_178' title='bbox 1322 1978 1535 2064; x_wconf 87' lang='lat' dir='ltr'><strong>inquis</strong></span> <span class='ocrx_word' id='word_1_179' title='bbox 1593 1979 1779 2083; x_wconf 78' lang='lat' dir='ltr'><strong>‘pati3</strong></span> <span class='ocrx_word' id='word_1_180' title='bbox 1825 2001 2028 2082; x_wconf 31' lang='lat' dir='ltr'><strong>‘grave</strong></span> <span class='ocrx_word' id='word_1_181' title='bbox 2074 1983 2172 2046; x_wconf 85' lang='lat' dir='ltr'><strong>est</strong></span> <span class='ocrx_word' id='word_1_182' title='bbox 2215 1981 2311 2044; x_wconf 90' lang='lat' dir='ltr'><strong>in·</strong></span> <span class='ocrx_word' id='word_1_183' title='bbox 2380 2015 2387 2022; x_wconf 95' lang='lat'>·</span> 
     </span>
     <span class='ocr_line' id='line_1_25' title="bbox 263 2068 2310 2154; baseline -0 -19"><span class='ocrx_word' id='word_1_184' title='bbox 263 2069 502 2135; x_wconf 86' lang='lat' dir='ltr'><strong>iuriam</strong></span> <span class='ocrx_word' id='word_1_185' title='bbox 560 2068 914 2135; x_wconf 65' lang='lat' dir='ltr'><strong>sustinere?</strong></span> <span class='ocrx_word' id='word_1_186' title='bbox 1005 2070 1323 2135; x_wconf 86' lang='lat' dir='ltr'><strong>mentiris.</strong></span> <span class='ocrx_word' id='word_1_187' title='bbox 1390 2070 1533 2154; x_wconf 81' lang='lat' dir='ltr'><strong>quis</strong></span> <span class='ocrx_word' id='word_1_188' title='bbox 1590 2071 1761 2134; x_wconf 86' lang='lat' dir='ltr'><strong>enim</strong></span> <span class='ocrx_word' id='word_1_189' title='bbox 1818 2069 2120 2134; x_wconf 81' lang='lat' dir='ltr'><strong>iniuriam</strong></span> <span class='ocrx_word' id='word_1_190' title='bbox 2178 2091 2310 2135; x_wconf 93' lang='lat' dir='ltr'><strong>non</strong></span> 
     </span>
     <span class='ocr_line' id='line_1_26' title="bbox 263 2158 2311 2251; baseline 0 -27"><span class='ocrx_word' id='word_1_191' title='bbox 263 2162 486 2244; x_wconf 86' lang='lat' dir='ltr'><strong>potest</strong></span> <span class='ocrx_word' id='word_1_192' title='bbox 541 2159 706 2224; x_wconf 87' lang='lat' dir='ltr'><strong>ferre</strong></span> <span class='ocrx_word' id='word_1_193' title='bbox 714 2209 732 2243; x_wconf 91' lang='lat'><strong>,</strong></span> <span class='ocrx_word' id='word_1_194' title='bbox 793 2159 905 2243; x_wconf 90' lang='lat' dir='ltr'><strong>qui</strong></span> <span class='ocrx_word' id='word_1_195' title='bbox 965 2162 1180 2243; x_wconf 86' lang='lat' dir='ltr'><strong>potest</strong></span> <span class='ocrx_word' id='word_1_196' title='bbox 1235 2158 1444 2251; x_wconf 77' lang='lat' dir='ltr'><strong>iram?</strong></span> <span class='ocrx_word' id='word_1_197' title='bbox 1543 2159 1721 2225; x_wconf 87' lang='lat' dir='ltr'><strong>adice</strong></span> <span class='ocrx_word' id='word_1_198' title='bbox 1779 2180 1951 2227; x_wconf 89' lang='lat' dir='ltr'><strong>nunc</strong></span> <span class='ocrx_word' id='word_1_199' title='bbox 2011 2159 2185 2244; x_wconf 86' lang='lat' dir='ltr'><strong>quod</strong></span> <span class='ocrx_word' id='word_1_200' title='bbox 2244 2159 2311 2224; x_wconf 93' lang='lat' dir='ltr'><strong>id</strong></span> 
     </span>
     <span class='ocr_line' id='line_1_27' title="bbox 264 2242 2312 2335; baseline 0 -22"><span class='ocrx_word' id='word_1_201' title='bbox 264 2249 438 2335; x_wconf 86' lang='lat' dir='ltr'><strong>agis,</strong></span> <span class='ocrx_word' id='word_1_202' title='bbox 493 2252 570 2313; x_wconf 89' lang='lat' dir='ltr'><strong>ut</strong></span> <span class='ocrx_word' id='word_1_203' title='bbox 627 2252 693 2314; x_wconf 89' lang='lat' dir='ltr'><strong>et</strong></span> <span class='ocrx_word' id='word_1_204' title='bbox 749 2247 912 2313; x_wconf 91' lang='lat' dir='ltr'><strong>iram</strong></span> <span class='ocrx_word' id='word_1_205' title='bbox 967 2248 1133 2314; x_wconf 87' lang='lat' dir='ltr'><strong>feras</strong></span> <span class='ocrx_word' id='word_1_206' title='bbox 1180 2242 1289 2314; x_wconf 89' lang='lat' dir='ltr'><strong>et</strong></span> <span class='ocrx_word' id='word_1_207' title='bbox 1304 2248 1624 2314; x_wconf 86' lang='lat' dir='ltr'><strong>iniuriam.</strong></span> <span class='ocrx_word' id='word_1_208' title='bbox 1716 2270 1913 2333; x_wconf 87' lang='lat' dir='ltr'><strong>quare</strong></span> <span class='ocrx_word' id='word_1_209' title='bbox 1959 2248 2087 2314; x_wconf 90' lang='lat' dir='ltr'><strong>fers</strong></span> <span class='ocrx_word' id='word_1_210' title='bbox 2136 2250 2312 2335; x_wconf 86' lang='lat' dir='ltr'><strong>aegri</strong></span> 
     </span>
     <span class='ocr_line' id='line_1_28' title="bbox 263 2337 2311 2440; baseline -0 -37"><span class='ocrx_word' id='word_1_211' title='bbox 263 2338 511 2403; x_wconf 79' lang='lat' dir='ltr'><strong>rabiem</strong></span> <span class='ocrx_word' id='word_1_212' title='bbox 539 2342 605 2402; x_wconf 92' lang='lat' dir='ltr'><strong>et</strong></span> <span class='ocrx_word' id='word_1_213' title='bbox 639 2337 997 2440; x_wconf 83' lang='lat' dir='ltr'><strong>phrenetici</strong></span> <span class='ocrx_word' id='word_1_214' title='bbox 1031 2337 1250 2420; x_wconf 83' lang='lat' dir='ltr'><strong>verba,</strong></span> <span class='ocrx_word' id='word_1_215' title='bbox 1288 2358 1635 2422; x_wconf 90' lang='lat' dir='ltr'><strong>puerorum</strong></span> <span class='ocrx_word' id='word_1_216' title='bbox 1671 2342 2002 2422; x_wconf 83' lang='lat' dir='ltr'><strong>protervas</strong></span> <span class='ocrx_word' id='word_1_217' title='bbox 2041 2337 2311 2404; x_wconf 79' lang='lat' dir='ltr'><strong>manus?</strong></span> 
     </span>
     <span class='ocr_line' id='line_1_29' title="bbox 263 2426 2311 2512; baseline -0.001 -19"><span class='ocrx_word' id='word_1_218' title='bbox 263 2448 500 2512; x_wconf 89' lang='lat' dir='ltr'><strong>nempe</strong></span> <span class='ocrx_word' id='word_1_219' title='bbox 547 2427 702 2512; x_wconf 88' lang='lat' dir='ltr'><strong>quia</strong></span> <span class='ocrx_word' id='word_1_220' title='bbox 743 2426 1043 2491; x_wconf 80' lang='lat' dir='ltr'><strong>videntur</strong></span> <span class='ocrx_word' id='word_1_221' title='bbox 1086 2427 1332 2492; x_wconf 85' lang='lat' dir='ltr'><strong>nescire</strong></span> <span class='ocrx_word' id='word_1_222' title='bbox 1378 2426 1535 2512; x_wconf 90' lang='lat' dir='ltr'><strong>quid</strong></span> <span class='ocrx_word' id='word_1_223' title='bbox 1579 2427 1833 2510; x_wconf 78' lang='lat' dir='ltr'><strong>faciant.</strong></span> <span class='ocrx_word' id='word_1_224' title='bbox 1920 2426 2075 2511; x_wconf 86' lang='lat' dir='ltr'><strong>quid</strong></span> <span class='ocrx_word' id='word_1_225' title='bbox 2120 2428 2311 2491; x_wconf 89' lang='lat' dir='ltr'><strong>inter-</strong></span> 
     </span>
     <span class='ocr_line' id='line_1_30' title="bbox 265 2505 2312 2601; baseline 0 -19"><span class='ocrx_word' id='word_1_226' title='bbox 265 2520 393 2600; x_wconf 90' lang='lat' dir='ltr'><strong>est,</strong></span> <span class='ocrx_word' id='word_1_227' title='bbox 441 2537 569 2600; x_wconf 92' lang='lat' dir='ltr'><strong>quo</strong></span> <span class='ocrx_word' id='word_1_228' title='bbox 617 2516 890 2601; x_wconf 87' lang='lat' dir='ltr'><strong>quisque</strong></span> <span class='ocrx_word' id='word_1_229' title='bbox 934 2515 1094 2581; x_wconf 82' lang='lat' dir='ltr'><strong>vitio</strong></span> <span class='ocrx_word' id='word_1_230' title='bbox 1133 2515 1250 2580; x_wconf 88' lang='lat' dir='ltr'><strong>fiat</strong></span> <span class='ocrx_word' id='word_1_231' title='bbox 1284 2515 1678 2601; x_wconf 81' lang='lat' dir='ltr'><strong>inprudens?</strong></span> <span class='ocrx_word' id='word_1_232' title='bbox 1748 2505 2159 2601; x_wconf 84' lang='lat' dir='ltr'><strong>inprudentia</strong></span> <span class='ocrx_word' id='word_1_233' title='bbox 2193 2539 2312 2600; x_wconf 87' lang='lat' dir='ltr'><strong>par</strong></span> 
     </span>
     <span class='ocr_line' id='line_1_31' title="bbox 266 2583 2379 2692; baseline 0.001 -22"><span class='ocrx_word' id='word_1_234' title='bbox 266 2607 340 2671; x_wconf 93' lang='lat' dir='ltr'><strong>in</strong></span> <span class='ocrx_word' id='word_1_235' title='bbox 385 2604 684 2670; x_wconf 88' lang='lat' dir='ltr'><strong>omnibus</strong></span> <span class='ocrx_word' id='word_1_236' title='bbox 730 2583 1178 2690; x_wconf 83' lang='lat' dir='ltr'><strong>patrocinium</strong></span> <span class='ocrx_word' id='word_1_237' title='bbox 1207 2609 1319 2671; x_wconf 90' lang='lat' dir='ltr'><strong>est.</strong></span> <span class='ocrx_word' id='word_1_238' title='bbox 1415 2604 1603 2691; x_wconf 76' lang='lat' dir='ltr'><strong>‘quid</strong></span> <span class='ocrx_word' id='word_1_239' title='bbox 1648 2605 1877 2692; x_wconf 79' lang='lat' dir='ltr'><strong>ergo?&#39;</strong></span> <span class='ocrx_word' id='word_1_240' title='bbox 1922 2606 2139 2690; x_wconf 88' lang='lat' dir='ltr'><strong>inquis</strong></span> <span class='ocrx_word' id='word_1_241' title='bbox 2186 2605 2313 2671; x_wconf 90' lang='lat' dir='ltr'><strong>in·</strong></span> <span class='ocrx_word' id='word_1_242' title='bbox 2348 2624 2379 2673; x_wconf 80' lang='lat'>2</span> 
     </span>
     <span class='ocr_line' id='line_1_32' title="bbox 265 2692 2313 2797; baseline 0 -37"><span class='ocrx_word' id='word_1_243' title='bbox 265 2717 442 2780; x_wconf 90' lang='lat' dir='ltr'><strong>pune</strong></span> <span class='ocrx_word' id='word_1_244' title='bbox 487 2694 586 2760; x_wconf 84' lang='lat' dir='ltr'><strong>illi</strong></span> <span class='ocrx_word' id='word_1_245' title='bbox 631 2692 828 2760; x_wconf 75' lang='lat' dir='ltr'><strong>eritP&#39;</strong></span> <span class='ocrx_word' id='word_1_246' title='bbox 899 2697 1058 2797; x_wconf 85' lang='lat' dir='ltr'><strong>puta</strong></span> <span class='ocrx_word' id='word_1_247' title='bbox 1092 2696 1258 2761; x_wconf 82' lang='lat' dir='ltr'><strong>velle</strong></span> <span class='ocrx_word' id='word_1_248' title='bbox 1294 2699 1385 2778; x_wconf 89' lang='lat' dir='ltr'><strong>te,</strong></span> <span class='ocrx_word' id='word_1_249' title='bbox 1421 2699 1638 2768; x_wconf 83' lang='lat' dir='ltr'><strong>tamen</strong></span> <span class='ocrx_word' id='word_1_250' title='bbox 1670 2717 1805 2760; x_wconf 92' lang='lat' dir='ltr'><strong>non</strong></span> <span class='ocrx_word' id='word_1_251' title='bbox 1842 2695 1988 2780; x_wconf 83' lang='lat' dir='ltr'><strong>erit3</strong></span> <span class='ocrx_word' id='word_1_252' title='bbox 2033 2695 2313 2761; x_wconf 77' lang='lat' dir='ltr'><strong>maxima</strong></span> 
     </span>
     <span class='ocr_line' id='line_1_33' title="bbox 267 2783 2311 2870; baseline 0 -22"><span class='ocrx_word' id='word_1_253' title='bbox 267 2788 368 2849; x_wconf 89' lang='lat' dir='ltr'><strong>est</strong></span> <span class='ocrx_word' id='word_1_254' title='bbox 426 2785 597 2849; x_wconf 86' lang='lat' dir='ltr'><strong>enim</strong></span> <span class='ocrx_word' id='word_1_255' title='bbox 651 2783 858 2848; x_wconf 85' lang='lat' dir='ltr'><strong>factae</strong></span> <span class='ocrx_word' id='word_1_256' title='bbox 911 2783 1182 2848; x_wconf 88' lang='lat' dir='ltr'><strong>iniuriae</strong></span> <span class='ocrx_word' id='word_1_257' title='bbox 1227 2805 1437 2868; x_wconf 88' lang='lat' dir='ltr'><strong>poena</strong></span> <span class='ocrx_word' id='word_1_258' title='bbox 1481 2784 1733 2868; x_wconf 84' lang='lat' dir='ltr'><strong>fecisse,</strong></span> <span class='ocrx_word' id='word_1_259' title='bbox 1791 2806 1911 2850; x_wconf 90' lang='lat' dir='ltr'><strong>nec</strong></span> <span class='ocrx_word' id='word_1_260' title='bbox 1971 2785 2311 2870; x_wconf 88' lang='lat' dir='ltr'><strong>quisquam</strong></span> 
     </span>
     <span class='ocr_line' id='line_1_34' title="bbox 267 2872 2311 2959; baseline 0 -21"><span class='ocrx_word' id='word_1_261' title='bbox 267 2873 531 2959; x_wconf 82' lang='lat' dir='ltr'><strong>gravius</strong></span> <span class='ocrx_word' id='word_1_262' title='bbox 578 2873 877 2938; x_wconf 86' lang='lat' dir='ltr'><strong>adficitur</strong></span> <span class='ocrx_word' id='word_1_263' title='bbox 921 2894 1115 2956; x_wconf 90' lang='lat' dir='ltr'><strong>quam</strong></span> <span class='ocrx_word' id='word_1_264' title='bbox 1162 2874 1275 2957; x_wconf 89' lang='lat' dir='ltr'><strong>qui</strong></span> <span class='ocrx_word' id='word_1_265' title='bbox 1322 2872 1400 2937; x_wconf 88' lang='lat' dir='ltr'><strong>ad</strong></span> <span class='ocrx_word' id='word_1_266' title='bbox 1448 2875 1838 2958; x_wconf 89' lang='lat' dir='ltr'><strong>supplicium</strong></span> <span class='ocrx_word' id='word_1_267' title='bbox 1884 2874 2311 2958; x_wconf 87' lang='lat' dir='ltr'><strong>paenitentiae</strong></span> 
     </span>
     <span class='ocr_line' id='line_1_35' title="bbox 267 2961 2381 3030; baseline 0.001 -3"><span class='ocrx_word' id='word_1_268' title='bbox 267 2961 562 3027; x_wconf 84' lang='lat' dir='ltr'><strong>traditur.</strong></span> <span class='ocrx_word' id='word_1_269' title='bbox 670 2961 896 3028; x_wconf 90' lang='lat' dir='ltr'><strong>deinde</strong></span> <span class='ocrx_word' id='word_1_270' title='bbox 959 2961 1040 3026; x_wconf 88' lang='lat' dir='ltr'><strong>ad</strong></span> <span class='ocrx_word' id='word_1_271' title='bbox 1105 2961 1548 3028; x_wconf 88' lang='lat' dir='ltr'><strong>condicionem</strong></span> <span class='ocrx_word' id='word_1_272' title='bbox 1611 2985 1825 3029; x_wconf 89' lang='lat' dir='ltr'><strong>rerum</strong></span> <span class='ocrx_word' id='word_1_273' title='bbox 1887 2964 2311 3029; x_wconf 88' lang='lat' dir='ltr'><strong>humanarum</strong></span> <span class='ocrx_word' id='word_1_274' title='bbox 2349 2981 2381 3030; x_wconf 84' lang='lat'><strong>3</strong></span> 
     </span>
     <span class='ocr_line' id='line_1_36' title="bbox 267 3051 2312 3138; baseline 0 -21"><span class='ocrx_word' id='word_1_275' title='bbox 267 3051 741 3138; x_wconf 86' lang='lat' dir='ltr'><strong>respiciendum</strong></span> <span class='ocrx_word' id='word_1_276' title='bbox 779 3054 902 3136; x_wconf 89' lang='lat' dir='ltr'><strong>est,</strong></span> <span class='ocrx_word' id='word_1_277' title='bbox 947 3054 1022 3116; x_wconf 91' lang='lat' dir='ltr'><strong>ut</strong></span> <span class='ocrx_word' id='word_1_278' title='bbox 1058 3053 1347 3117; x_wconf 90' lang='lat' dir='ltr'><strong>omnium</strong></span> <span class='ocrx_word' id='word_1_279' title='bbox 1384 3052 1809 3119; x_wconf 88' lang='lat' dir='ltr'><strong>accidentium</strong></span> <span class='ocrx_word' id='word_1_280' title='bbox 1846 3054 2034 3138; x_wconf 85' lang='lat' dir='ltr'><strong>aequi</strong></span> <span class='ocrx_word' id='word_1_281' title='bbox 2071 3054 2312 3119; x_wconf 84' lang='lat' dir='ltr'><strong>iudices</strong></span> 
     </span>
    </p>
   </div>
   <div class='ocr_carea' id='block_1_5' title="bbox 456 3207 2317 3294">
    <p class='ocr_par' dir='ltr' id='par_1_6' title="bbox 456 3207 2317 3294">
     <span class='ocr_line' id='line_1_37' title="bbox 456 3207 2317 3294; baseline 0.001 -30"><span class='ocrx_word' id='word_1_282' title='bbox 456 3207 487 3264; x_wconf 76' lang='lat'><strong>7</strong></span> <span class='ocrx_word' id='word_1_283' title='bbox 515 3207 813 3264; x_wconf 81' lang='lat' dir='ltr'><strong>exsemerit</strong></span> <span class='ocrx_word' id='word_1_284' title='bbox 830 3210 887 3264; x_wconf 98' lang='lat' dir='ltr'><strong><em>A</em></strong></span> <span class='ocrx_word' id='word_1_285' title='bbox 911 3209 934 3282; x_wconf 73' lang='lat' dir='ltr'>u</span> <span class='ocrx_word' id='word_1_286' title='bbox 958 3209 994 3264; x_wconf 79' lang='lat'>9</span> <span class='ocrx_word' id='word_1_287' title='bbox 1021 3211 1229 3264; x_wconf 88' lang='lat' dir='ltr'><strong>sentire</strong></span> <span class='ocrx_word' id='word_1_288' title='bbox 1257 3225 1585 3294; x_wconf 78' lang='lat' dir='ltr'><strong>percussum</strong></span> <span class='ocrx_word' id='word_1_289' title='bbox 1603 3211 1727 3266; x_wconf 86' lang='lat' dir='ltr'><strong>AL</strong></span> <span class='ocrx_word' id='word_1_290' title='bbox 1756 3213 1956 3278; x_wconf 88' lang='lat' dir='ltr'><strong>&lt;se&gt;</strong></span> <span class='ocrx_word' id='word_1_291' title='bbox 1987 3228 2029 3265; x_wconf 89' lang='lat' dir='ltr'><strong>s.</strong></span> <span class='ocrx_word' id='word_1_292' title='bbox 2048 3227 2105 3280; x_wconf 92' lang='lat' dir='ltr'><strong>p.</strong></span> <span class='ocrx_word' id='word_1_293' title='bbox 2127 3211 2266 3266; x_wconf 83' lang='lat' dir='ltr'><strong>vol.</strong></span> <span class='ocrx_word' id='word_1_294' title='bbox 2293 3211 2317 3284; x_wconf 72' lang='lat'><strong>{1</strong></span> 
     </span>
    </p>
   </div>
   <div class='ocr_carea' id='block_1_6' title="bbox 266 3279 2316 3478">
    <p class='ocr_par' dir='ltr' id='par_1_7' title="bbox 266 3279 2313 3478">
     <span class='ocr_line' id='line_1_38' title="bbox 269 3279 2313 3366; baseline 0.001 -30"><span class='ocrx_word' id='word_1_295' title='bbox 269 3279 346 3336; x_wconf 79' lang='lat'><strong>14</strong></span> <span class='ocrx_word' id='word_1_296' title='bbox 378 3279 588 3354; x_wconf 76' lang='lat' dir='ltr'><strong>posuis]</strong></span> <span class='ocrx_word' id='word_1_297' title='bbox 607 3281 666 3336; x_wconf 90' lang='lat' dir='ltr'><strong><em>A</em></strong></span> <span class='ocrx_word' id='word_1_298' title='bbox 699 3281 860 3349; x_wconf 66' lang='lat' dir='ltr'><strong>(erae.</strong></span> <span class='ocrx_word' id='word_1_299' title='bbox 887 3282 935 3350; x_wconf 81' lang='lat' dir='ltr'><strong>t)</strong></span> <span class='ocrx_word' id='word_1_300' title='bbox 913 3281 990 3353; x_wconf 83' lang='grc' dir='ltr'><strong>)ΙΙ</strong></span> <span class='ocrx_word' id='word_1_301' title='bbox 1025 3280 1097 3335; x_wconf 79' lang='grc'><strong>15</strong></span> <span class='ocrx_word' id='word_1_302' title='bbox 1131 3281 1244 3350; x_wconf 86' lang='lat' dir='ltr'><strong>ipsi</strong></span> <span class='ocrx_word' id='word_1_303' title='bbox 1280 3297 1416 3336; x_wconf 82' lang='lat' dir='ltr'><strong>corr.</strong></span> <span class='ocrx_word' id='word_1_304' title='bbox 1448 3299 1515 3337; x_wconf 78' lang='lat' dir='ltr'><strong>ex</strong></span> <span class='ocrx_word' id='word_1_305' title='bbox 1550 3283 1673 3366; x_wconf 78' lang='lat' dir='ltr'><strong>ipse</strong></span> <span class='ocrx_word' id='word_1_306' title='bbox 1701 3283 1757 3337; x_wconf 90' lang='lat' dir='ltr'><strong><em>A</em></strong></span> <span class='ocrx_word' id='word_1_307' title='bbox 1790 3282 1811 3354; x_wconf 86' lang='grc' dir='ltr'><strong>ΙΙ</strong></span> <span class='ocrx_word' id='word_1_308' title='bbox 1844 3280 1917 3340; x_wconf 79' lang='grc'><strong>29</strong></span> <span class='ocrx_word' id='word_1_309' title='bbox 1951 3284 2095 3351; x_wconf 82' lang='lat' dir='ltr'><strong>puta</strong></span> <span class='ocrx_word' id='word_1_310' title='bbox 2121 3298 2193 3338; x_wconf 89' lang='lat' dir='ltr'><strong>ue</strong></span> <span class='ocrx_word' id='word_1_311' title='bbox 2238 3285 2313 3338; x_wconf 88' lang='lat' dir='ltr'><strong>et</strong></span> 
     </span>
     <span class='ocr_line' id='line_1_39' title="bbox 266 3349 2316 3478; baseline 0 -70"><span class='ocrx_word' id='word_1_312' title='bbox 266 3353 544 3478; x_wconf 47' lang='lat' dir='ltr'><strong>m?</strong></span> <span class='ocrx_word' id='word_1_313' title='bbox 553 3350 638 3408; x_wconf 85' lang='lat' dir='ltr'><strong>A¹</strong></span> <span class='ocrx_word' id='word_1_314' title='bbox 671 3350 828 3420; x_wconf 66' lang='lat' dir='ltr'><strong>fort„</strong></span> <span class='ocrx_word' id='word_1_315' title='bbox 864 3367 1000 3408; x_wconf 78' lang='lat' dir='ltr'><strong>corr.</strong></span> <span class='ocrx_word' id='word_1_316' title='bbox 1031 3352 1116 3408; x_wconf 84' lang='lat' dir='ltr'><strong>A⁵</strong></span> <span class='ocrx_word' id='word_1_317' title='bbox 1149 3351 1172 3424; x_wconf 74' lang='lat' dir='ltr'><strong>l}</strong></span> <span class='ocrx_word' id='word_1_318' title='bbox 1213 3349 1288 3408; x_wconf 73' lang='lat'><strong>30</strong></span> <span class='ocrx_word' id='word_1_319' title='bbox 1322 3351 1512 3408; x_wconf 83' lang='lat' dir='ltr'><strong>factae</strong></span> <span class='ocrx_word' id='word_1_320' title='bbox 1547 3353 1791 3408; x_wconf 81' lang='lat' dir='ltr'><strong>iniuriae</strong></span> <span class='ocrx_word' id='word_1_321' title='bbox 1827 3353 1963 3424; x_wconf 75' lang='lat' dir='ltr'><strong>voly.</strong></span> <span class='ocrx_word' id='word_1_322' title='bbox 2002 3352 2192 3408; x_wconf 81' lang='lat' dir='ltr'><strong>factae</strong></span> <span class='ocrx_word' id='word_1_323' title='bbox 2229 3353 2316 3409; x_wconf 89' lang='lat' dir='ltr'><strong>in-</strong></span> 
     </span>
    </p>
   </div>
  </div>
 </body>
</html>
