2544 3746
123 1028 174 1068 10

121 1472 173 1513 1⁵

121 1918 175 1959 20

813 55 913 112 m:
949 54 1079 116 mA
1114 54 1250 112 mn.
1279 55 1322 111 1.
1388 55 1542 112 cAP.
1575 63 1642 113 ιι
2164 61 2250 126 59

385 199 527 266 XII.
579 199 773 279 ‘Quid
817 200 1040 289 ergo?
1087 200 1303 287 inquit
1348 201 1471 267 ‘vir
1512 203 1721 270 bonus
1768 225 1903 269 non
1937 204 2251 287 irascitur,
2294 225 2321 272 1

206 291 262 356 si
320 290 504 356 caedi
563 295 811 376 patrem
864 313 1056 357 suum
1098 291 1359 375 viderit,
1406 291 1464 358 si
1508 293 1650 376 rapi
1693 292 2032 358 matrem?
2120 315 2254 359 non

205 381 544 463 irascetur,
619 380 731 447 sed
793 380 1172 464 vindicabit,
1247 341 1359 446 sed
1422 381 1723 446 tuebitur.
1817 381 1975 466 quid
2038 387 2253 448 autem

204 471 422 553 times,
471 491 552 534 ne
611 492 843 555 parum
900 492 1173 557 magnus
1233 471 1335 535 illi
1388 470 1689 536 stimulus
1731 471 1929 537 etiam
1976 472 2113 538 sine
2159 473 2255 536 ira

207 559 416 644 pietas
481 559 609 624 sit?
698 563 813 624 aut
875 559 981 626 dic
1031 559 1260 632 eodem
1314 559 1537 626 modo:
1582 557 1761 644 quid
1816 560 2016 646 ergo?
2106 581 2255 626 cum

205 647 423 714 videat
486 648 688 715 secari
751 651 1000 732 patrem
1065 670 1253 715 suum
1318 649 1633 734 filiumve,
1688 649 1791 714 vir
1850 650 2059 716 bonus
2122 672 2255 716 non

206 736 392 803 flebit
447 759 568 804 nec
629 737 960 822 linquetur
1020 739 1236 804 animo
1247 735 1306 802 *θ’
1413 759 1579 823 quae
1642 737 1927 806 accidere
1998 738 2254 805 feminis

205 826 526 910 videmus,
572 827 870 910 quotiens
916 827 1062 894 illas
1106 827 1269 894 levis
1315 827 1589 913 periculi
1632 827 1915 913 suspicio
1961 828 2257 912 perculit.

207 915 428 982 officia
473 938 590 981 sua
624 915 727 980 vir
761 917 970 984 bonus
1003 919 1392 1002 exsequetur
1426 916 1831 1001 inconfusus,
1870 917 2256 1002 intrepidus3
2293 937 2325 986 2

207 1009 274 1070 et
332 1005 428 1070 sic
480 1006 651 1072 bono
697 1005 838 1071 viro
894 1005 1093 1091 digna
1135 1006 1356 1090 faciet,
1414 1010 1490 1071 ut
1532 1006 1701 1073 nihil
1743 1005 1940 1072 faciat
1983 1007 2125 1072 viro
2164 1007 2257 1072 in·

207 1093 495 1180 dignum.
586 1097 771 1196 pater
831 1095 1157 1161 caedetur:
1221 1095 1589 1180 defendam3
1656 1116 1882 1161 caesus
1955 1099 2079 1162 est.
2151 1117 2255 1161 ex-

209 1205 443 1268 sequar
449 1232 468 1267 ,
516 1184 670 1268 quia
714 1187 997 1269 oportet,
1041 1206 1176 1250 non
1222 1185 1377 1270 quia
1420 1184 1613 1250 dolet.
1679 1182 2067 1250 ‘irascuntur
2100 1184 2256 1252 boni
2293 1206 2326 1254 3

207 1272 335 1337 viri
379 1293 500 1357 pro
547 1293 810 1338 suorum
857 1273 1151 1339 iniuriis?
1215 1295 1363 1340 cum
1408 1273 1535 1340 hoc
1571 1273 1759 1357 dicis,
1797 1273 2255 1359 Theophraste,

209 1361 466 1447 quaeris
513 1361 822 1427 invidiam
867 1362 1227 1466 praeceptis
1264 1363 1643 1428 fortioribus
1682 1366 1747 1428 et
1781 1363 2008 1429 relicto
2046 1363 2257 1429 iudice

208 1450 291 1515 ad
329 1471 634 1517 coronam
661 1452 870 1516 venis:
906 1451 1058 1538 quia
1085 1453 1527 1537 unusquisque
1554 1451 1625 1517 in
1649 1451 1966 1518 eiusmodi
1993 1473 2259 1518 suorum

209 1561 364 1605 casu
399 1539 723 1624 irascitur,
761 1543 952 1625 putas
987 1540 1382 1608 iudicaturos
1419 1541 1712 1606 homines
1749 1540 1815 1605 id
1844 1541 1985 1607 fieri
2029 1540 2257 1607 debere

211 1628 387 1713 quod
433 1627 712 1714 faciunt3
755 1629 889 1695 fere
935 1630 1106 1696 enim
1151 1631 1395 1696 iustum
1442 1631 1715 1715 quisque
1759 1631 2059 1697 affectum
2096 1630 2260 1695 iudi-

211 1721 317 1783 cat
381 1739 576 1803 quem
648 1678 1001 1806 adgnoscit.
1094 1719 1205 1786 sed
1250 1719 1423 1788 idem
1468 1718 1741 1802 faciunt,
1796 1719 1851 1784 si
1897 1719 2082 1785 calda
2124 1740 2259 1784 ιιοιι
2294 1741 2329 1790 4

210 1807 373 1873 bene
414 1807 783 1895 praebetur,
830 1808 886 1875 si
921 1809 1198 1875 vitreum
1243 1809 1522 1875 fractum
1558 1812 1681 1893 est,
1727 1808 1784 1873 si
1818 1809 2071 1876 calceus
2116 1805 2257 1875 luto

211 1920 474 1982 sparsus
511 1899 624 1963 est.
688 1919 825 1963 non
850 1898 1057 1983 pietas
1095 1899 1323 1964 illam
1305 1920 1468 1964 iram
1513 1898 1625 1963 sed
1655 1858 1995 1963 infirmitas
2024 1901 2258 1981 movet,

212 1987 382 2052 sicut
426 1986 674 2070 pueris,
721 1987 835 2071 qui
878 1991 1014 2053 tam
1060 1987 1433 2075 parentibus
1480 1987 1733 2053 amissis
1771 1987 2018 2053 flebunt
2064 1999 2259 2071 quam

210 2075 503 2141 nucibus.
569 2076 760 2141 irasci
786 2097 905 2161 pro
945 2076 1079 2143 suis
1115 2099 1249 2143 non
1303 2080 1403 2143 est
1446 2076 1541 2162 pii
1587 2076 1786 2141 animi
1843 2076 1954 2141 sed
1990 2074 2331 2160 infirmi35

211 2164 376 2230 illud
442 2164 790 2249 pulchrum
862 2165 1285 2251 dignumque,
1357 2187 1477 2249 pro
1549 2165 1949 2249 parentibus,
2018 2164 2259 2247 liberis,

211 2252 467 2337 amicis,
511 2254 760 2321 civibus
806 2254 1064 2339 prodire
1103 2254 1502 2321 defensorem
1539 2256 1683 2339 ipso
1722 2254 1940 2341 officio
1970 2253 2257 2337 ducente,

210 2343 564 2425 volentem,
623 2343 1041 2428 iudicantem,
1099 2343 1569 2429 providentem,
1629 2364 1761 2408 non
1819 2344 2150 2427 inpulsum
2195 2347 2261 2408 et

211 2431 526 2497 rabidum.
616 2432 834 2499 nullus
880 2434 1052 2499 enim
1098 2433 1364 2499 affectus
1407 2431 1778 2499 vindicandi
1824 2432 2119 2519 cupidior
2162 2436 2260 2497 est

214 2542 409 2606 quam
475 2522 574 2586 ira
636 2523 702 2586 et
768 2521 851 2586 ob
908 2521 976 2587 id
1029 2522 1243 2606 ipsum
1298 2522 1381 2587 ad
1424 2521 1882 2587 vindicandum
1927 2520 2259 2587 inhabilis:

213 2609 596 2694 praerapida
639 2614 705 2675 et
739 2631 987 2696 amens,
1031 2614 1107 2676 ut
1143 2611 1353 2677 omnis
1390 2609 1522 2676 fere
1559 2610 1906 2696 cupiditas,
1953 2610 2095 2694 ipsa
2134 2610 2260 2675 sibi

393 2785 427 2840 1
466 2784 732 2840 irascitur
759 2785 816 2840 A
852 2785 1129 2842 irascetur
1163 2786 1218 2842 L
1255 2791 1309 2841 et
1344 2784 1747 2853 Mmet;i11ud
1782 2802 1810 2841 e
1846 2785 2081 2841 Senecae
2114 2799 2260 2839 more

213 2857 510 2913 tenendum
545 2873 657 2912 esse
690 2856 950 2913 viderumt
985 2856 1319 2913 Waldaestel
1353 2863 1406 2913 et
1441 2856 1826 2912 Hammebrath
1838 2856 1953 2982 fle
1927 2854 1964 2910 2
2041 2854 2259 2938 asstrem

214 2928 300 2983 A¹
329 2928 590 3011 poricere
627 2934 878 2997 coeperat
918 2929 1163 2998 partem)
1209 2927 1232 3000 ΙΙ
1281 2926 1318 2981 6
1352 2928 1552 2983 uideat
1578 2928 1633 2983 A
1669 2926 1855 2983 uideri
1998 2872 2039 2999 i,
2068 2926 2261 2982 necari

213 3000 356 3053 coni.
388 2998 624 3054 Wolters
649 3004 702 3054 et
727 3014 820 3069 eyo
844 2998 866 3071 ΙΙ
889 2998 928 3054 9
954 3000 1294 3067 exsequetur
1315 2999 1372 3054 A
1398 3000 1527 3054 item
1554 2997 1623 3054 11
1652 3013 1928 3067 exsequar
1950 2997 1973 3071 ΙΙ
2000 2998 2072 3053 12
2095 2998 2261 3053 verba

214 3070 542 3123 irascuntur
565 3067 702 3123 boni
725 3070 840 3123 uiri
864 3086 968 3139 pro
995 3085 1224 3124 suorum
1257 3070 1483 3125 iniuriis
1514 3070 1579 3124 in
1605 3070 1726 3125 AL
1760 3069 1921 3137 infra
1954 3086 2004 3126 v.
2037 3072 2108 3125 18
2132 3075 2263 3139 post

217 3140 521 3211 adgnoscit
557 3140 843 3210 temtum
878 3142 984 3196 huc
1019 3142 1362 3211 transposuit
1398 3140 1564 3196 Gertz
1596 3140 1619 3213 ΙΙ
1655 3139 1726 3195 18
1763 3140 2041 3196 dicistheo
2068 3142 2262 3210 praste

214 3212 300 3268 A²
317 3212 538 3267 litteras
559 3217 702 3267 reete
725 3212 919 3268 divisit
946 3218 996 3268 et
1021 3214 1386 3283 aspirationis
1576 3230 1630 3268 m
1660 3218 1699 3279 Ι-
1726 3229 1769 3268 8.
1789 3230 1840 3267 v.
1863 3212 1993 3268 add.
2011 3228 2159 3267 man.
2178 3215 2218 3266 2
2239 3210 2264 3283 11

217 3282 285 3339 18
323 3282 630 3354 adgnoscit
655 3283 713 3338 A
749 3283 810 3354 (d
837 3290 1250 3353 posteaexpun
1251 3228 1575 3356 wne-gu
1560 3282 1875 3338 infirmatas
1911 3299 2047 3339 corr.
2077 3284 2142 3338 in
2176 3282 2262 3336 in-

217 3354 460 3409 firmitas
484 3354 570 3411 A¹
585 3285 771 3497 2155(
799 3300 1251 3426 volentemmvozy.
1291 3284 1519 3411 uolente
1546 3355 1801 3483 Admt
1716 3354 1786 3411 22
1827 3360 1956 3424 post
1990 3351 2261 3409 inhabilis

221 3426 386 3482 Gertz
423 3427 512 3481 est
547 3443 584 3481 a
715 3424 738 3497 ll
771 3424 843 3482 28
878 3426 1251 3496 praerapidus
1279 3426 1401 3482 AL
1436 3442 1574 3483 corr.
