2544 3746
275 81 380 135 AD
418 79 759 137 HELVIAM
793 80 1116 135 MATREM
1151 81 1251 136 DE
1291 80 1849 137 CONSOLATIONE'
1894 80 2047 136 cAP.
2084 86 2115 135 9
2198 84 2328 150 351

457 225 570 294 IX.
645 226 665 258 ³
678 224 771 292 At
840 248 977 292 non
1048 229 1149 292 est
1219 227 1380 292 haec
1450 230 1623 291 terra
1692 226 2151 313 frugiferarum
2223 231 2336 292 aut
2375 245 2404 293 1

275 318 597 382 laetarum
643 316 948 381 arborum
983 315 1192 399 ferax3
1235 338 1373 381 non
1409 316 1663 401 magnis
1700 337 1828 382 nec
1855 316 2332 403 navigabilibus

278 406 626 471 fluminum
699 405 900 471 alveis
963 404 1314 491 inrigatur3
1385 405 1555 470 nihil
1618 405 1859 491 gignit,
1932 406 2108 490 quod
2172 405 2335 471 aliae

279 498 505 582 gentes
553 498 809 579 petant,
853 494 964 559 vix
1009 493 1091 559 ad
1126 496 1401 560 tutelam
1435 494 1859 560 incolentium
1896 493 2158 579 fertilis3
2202 516 2338 560 non

214 608 242 649 5
277 584 604 669 pretiosus
659 583 769 650 hic
819 584 988 668 lapis
1045 583 1362 667 caeditur,
1414 605 1549 649 non
1604 585 1745 649 auri
1800 584 2178 669 argentique
2232 606 2337 649 ve-

279 696 404 738 nae
477 672 832 739 eruuntur.9
922 675 1236 759 angustus
1312 672 1565 738 animus
1630 676 1756 756 est,
1828 693 2022 757 quem
2083 676 2340 739 terrena
2374 690 2407 739 2

283 762 634 828 delectant:
689 763 772 827 ad
825 762 941 827 illa
995 761 1407 827 abducendus
1455 766 1581 845 est,
1636 784 1801 846 quae
1846 761 2088 846 ubique
2134 783 2338 847 aeque

282 855 624 937 apparent,
667 851 910 935 ubique
957 872 1159 936 aeque
1205 851 1563 936 splendent.
1656 855 1721 915 et
1755 850 1883 917 hoc
1921 850 2343 937 cogitandum

284 944 414 1024 est,
455 940 585 1005 ista
628 941 798 1006 veris
844 938 1034 1005 bonis
1080 962 1197 1024 per
1239 940 1407 1005 falsa
1443 944 1509 1005 et
1544 962 1741 1024 prave
1780 940 2026 1007 credita
2062 939 2353 1006 obstare..

185 1055 246 1095 ιο
285 1051 416 1114 quo
471 1030 801 1115 longiores
854 1029 1146 1113 porticus
1203 1029 1631 1113 expedierint,
1694 1051 1825 1114 quo
1880 1030 2076 1095 altius
2130 1033 2341 1095 turres

284 1118 696 1201 sustulerint,
751 1140 880 1203 quo
934 1118 1130 1184 latius
1184 1118 1366 1185 vicos
1419 1119 1848 1203 porrexerint,
1910 1140 2039 1203 quo
2087 1118 2343 1204 depres-

285 1208 421 1274 sius
467 1208 746 1273 aestivos
793 1229 1022 1293 specus
1068 1206 1378 1292 foderint,
1426 1230 1555 1292 quo
1603 1208 1835 1273 maiori
1872 1210 2043 1274 mole
2079 1208 2345 1295 fastigia

285 1297 700 1363 cenationum
747 1296 1196 1380 subduxerint,
1240 1295 1369 1362 hoc
1411 1297 1563 1382 plus
1610 1297 1761 1382 erit,
1806 1298 1982 1382 quod
2027 1296 2159 1363 illis
2204 1319 2343 1363 cae-

282 1388 428 1452 lum
482 1386 852 1452 abscondat.
944 1386 1015 1451 in
1067 1408 1210 1451 eam
1265 1390 1331 1451 te
1385 1386 1719 1473 regionem
1765 1408 1953 1453 casus
1999 1386 2215 1471 eiecit,
2271 1386 2343 1451 in
2380 1400 2413 1449 3

190 1499 250 1541 ιε»
288 1497 420 1559 qua
471 1474 908 1541 lautissimum
961 1475 1443 1560 receptaculum
1500 1496 1648 1541 casa
1692 1478 1817 1541 est:
1871 1497 1953 1541 ne
1998 1479 2073 1541 tu
2118 1474 2345 1561 pusilli

287 1565 490 1629 animi
517 1634 520 1638 ,
545 1586 614 1630 es
669 1568 737 1630 et
781 1564 1035 1630 sordide
1083 1586 1151 1629 se
1197 1564 1626 1649 consolantis,
1679 1564 1737 1630 si
1781 1563 1927 1631 ideo
1973 1563 2042 1629 id
2086 1565 2346 1631 fortiter

285 1653 556 1739 pateris,
617 1653 771 1737 quia
828 1652 1093 1719 Romuli
1153 1675 1369 1719 casam
1426 1654 1617 1720 nosti.
1712 1653 1816 1719 dic
1874 1654 2039 1719 illud
2096 1653 2343 1738 potius:

289 1742 498 1808 ‘istud
552 1742 798 1808 humile
852 1744 1188 1829 tugurium
1240 1765 1477 1827 nempe
1529 1743 1803 1808 virtutes
1847 1742 2123 1828 recipit?
2212 1744 2343 1808 iam

291 1832 592 1898 omnibus
639 1832 901 1918 templis
945 1832 1297 1898 formosius
1343 1832 1494 1917 erit,
1538 1853 1689 1898 cum
1732 1832 1871 1899 illic
1907 1832 2157 1899 iustitia
2192 1853 2343 1914 con-

193 1945 254 1986 20
290 1924 515 2007 specta
557 1922 782 2006 fuerit,
838 1943 987 1988 cum
1033 1921 1459 2006 continentia,
1506 1943 1655 1988 cum
1701 1922 2072 2006 prudentia,
2116 1921 2346 2009 pietas,

292 2011 586 2077 omnium
645 2007 1017 2076 officiorum
1080 2015 1252 2077 recte
1319 2010 1898 2095 dispensandorum
1960 2012 2157 2094 ratio,
2227 2012 2345 2076 hu-

291 2121 634 2165 manorum
689 2099 1186 2182 divinorumque
1241 2099 1527 2165 scientia.
1617 2100 1837 2165 nullus
1885 2103 2199 2186 angustus
2228 2103 2346 2182 ‘est

290 2189 504 2273 locus,
542 2188 656 2273 qui
691 2187 861 2255 hanc
896 2192 1032 2253 tam
1070 2210 1452 2275 magnarum
1488 2188 1829 2254 virtutium
1858 2190 2115 2255 turbam
2146 2189 2347 2274 capit3

289 2278 549 2344 nullum
604 2277 870 2343 exilium
926 2300 1121 2364 grave
1175 2281 1302 2361 est,
1354 2277 1426 2343 in
1471 2279 1646 2362 quod
1688 2278 1843 2345 licet
1888 2301 2037 2344 cum
2080 2279 2210 2345 hoc
2253 2279 2350 2344 ire

199 2389 256 2431 25
293 2366 652 2434 comitatu.9
741 2366 986 2433 Brutus
1031 2368 1102 2432 in
1147 2389 1223 2432 eo
1269 2367 1470 2451 libro,
1525 2388 1719 2451 quem
1764 2368 1843 2434 de
1888 2368 2130 2434 virtute
2176 2389 2349 2434 com-.
2384 2381 2418 2428 4

292 2457 545 2542 posuit,
599 2457 693 2521 ait
748 2479 815 2523 se
868 2455 1248 2522 Marcellum
1302 2455 1541 2522 vidisse
1593 2456 1923 2542 Mytilenis
1980 2458 2377 2537 exulantem,

295 2550 388 2628 et,
448 2550 764 2629 quantum
823 2546 1017 2611 modo
1076 2549 1311 2610 natura
1361 2545 1647 2612 hominis
1702 2549 2058 2631 pateretur,
2117 2547 2349 2612 beatis-

296 2635 460 2701 sime
531 2635 858 2700 viventem
920 2656 1128 2718 neque
1191 2655 1505 2719 umquam
1569 2635 1969 2721 cupidiorem
2032 2635 2349 2700 bonarum

297 2724 537 2790 artium
593 2746 788 2808 quam
843 2724 957 2788 illo
1013 2726 1321 2807 tempore.
1414 2723 1635 2807 itaque
1690 2724 1911 2790 adicit:
1966 2723 2177 2791 visum
2226 2725 2350 2790 sibi

478 2951 516 3005 3
553 2951 702 3006 aliae
737 2967 875 3007 corr.
905 2967 974 3006 ex
1011 2950 1128 3005 alia
1155 2951 1240 3005 A’
1274 2949 1295 3023 ΙΙ
1329 2951 1367 3006 4
1403 2952 1647 3006 attutela
1674 2952 1759 3007 A¹
1785 2969 1922 3008 corr.
1952 2952 2039 3008 A·
2067 2953 2089 3026 Η
2122 2952 2193 3007 11
2221 2969 2350 3023 por·
2469 3002 2485 3018 ,

298 3023 548 3079 rexerint
575 3023 888 3078 Pincianus
925 3023 1270 3078 correxerint
1296 3023 1353 3077 A
1396 3022 1419 3106 {j
1466 3021 1539 3077 14
1563 3025 1763 3094 ·egecit
1789 3023 1874 3079 Αι
1908 3040 2044 3079 corr.
2074 3025 2139 3079 in
2174 3041 2347 3094 man-9.

298 3113 369 3150 m.
397 3111 503 3150 rec.
539 3094 564 3178 ΙΙ
595 3093 669 3148 15
705 3109 837 3148 casa
866 3095 968 3148 est.
1011 3093 1098 3148 Ne
1127 3093 1174 3147 ἃ
1199 3095 1264 3148 tu
1293 3093 1491 3163 pusilli
1527 3095 1705 3149 animi
1732 3110 1791 3149 es
1821 3093 1885 3166 &l
1922 3095 1978 3149 A
2013 3095 2110 3150 sed
2130 3102 2353 3164 praeter

299 3166 445 3222 duas
463 3181 681 3236 primas
708 3165 811 3220 litt.
842 3181 910 3219 ca.
936 3205 956 3232 ,
982 3182 1122 3234 quae
1150 3183 1188 3219 a
1213 3183 1285 3220 m.
1308 3171 1341 3220 1
1368 3171 1525 3232 sunt,
1553 3172 1605 3221 et
1628 3165 1715 3221 Ne
1737 3166 1784 3220 ἃ
1809 3209 1827 3234 ,
1858 3183 1997 3236 quae
2022 3185 2093 3222 m.
2115 3173 2149 3221 5
2176 3168 2351 3236 scrip-

297 3239 374 3293 sit
425 3243 527 3292 aut
573 3237 991 3306 redinteqravit,
1039 3237 1256 3306 reliqua
1301 3239 1491 3292 omnia
1524 3239 1589 3292 in
1624 3255 1735 3293 ras.
1763 3255 1864 3294 ser.
1895 3237 1980 3293 A⁸
2013 3253 2124 3292 nae
2159 3240 2225 3291 tu
2262 3250 2297 3291 ς
2330 3237 2352 3310 ΙΙ

302 3308 370 3363 17
408 3309 616 3378 potius.
675 3307 858 3378 sistud
884 3307 970 3363 A²
1003 3308 1221 3376 potius3
1271 3308 1320 3362 si
1356 3309 1511 3364 istud
1548 3309 1633 3363 Α15
1678 3309 1748 3377 (si
1784 3311 1848 3364 in
1882 3310 2016 3378 raS.)
2052 3309 2073 3381 Η
2117 3308 2186 3363 21
2226 3307 2349 3362 des-

300 3380 663 3506 pensamiiorfi
689 3381 746 3435 A
781 3379 802 3452 ΙΙ
844 3378 916 3434 24
949 3379 1101 3448 quod
1129 3379 1355 3436 Fickert
1390 3396 1501 3448 quo
1530 3381 1585 3436 A
1620 3380 1641 3452 ΙΙ
1684 3379 1757 3435 26
1791 3379 2083 3450 Mytilenis
2112 3392 2146 3432 ς
2182 3379 2348 3447 myti-

326 3467 470 3506 enus
