2544 3746
277 113 384 167 AD
407 110 767 167 SERENVM
793 111 894 166 DE
921 109 1568 177 TRANQVILLITA'I'E
1596 110 1815 166 ANIMI
1851 110 2002 167 GAP.
2027 117 2055 165 1
2140 114 2273 181 245

225 280 360 323 non
419 279 657 344 magno
714 256 1147 323 aestimandae
1201 260 1667 343 poposcerunt,
1729 251 1811 321 ad
1867 256 2070 322 otium
2127 278 2275 323 con-

226 351 446 413 vertor
504 351 595 430 et,
655 346 1198 433 quemadmodum
1259 345 1599 431 pecoribus
1653 345 1941 433 fatigatis
1998 368 2277 432 quoque,

227 436 510 502 velocior
554 436 819 502 domum
865 436 1102 523 gradus
1149 438 1275 521 est3
1324 436 1538 521 placet
1582 436 1755 501 intra
1799 435 2075 538 parietes
2122 458 2273 501 suos

225 525 427 591 vitam
456 526 822 592 cohercere:
851 526 1073 591 ‘nemo
1099 525 1310 590 ullum
1339 525 1588 591 auferat
1614 525 1786 590 diem
1810 520 1978 589 mhss
2005 524 2275 611 dignum
2396 522 2399 527 ’

115 638 129 655 ·’
164 638 190 679 5
223 618 408 681 tanto
469 614 798 700 impendio
852 614 1250 703 redditurus3
1315 614 1441 680 sibi
1493 613 1635 699 ipse
1689 614 1943 679 animus
1995 614 2275 693 haereat,

225 726 294 769 se
369 706 588 789 colat,⁸
639 704 807 769 nibil
869 704 1064 770 alieni
1129 706 1311 792 agat,
1378 703 1547 769 nihil
1611 704 1785 788 quod
1848 703 1928 769 ad
1995 703 2273 769 iudicem

226 797 496 879 spectet3
534 797 788 860 ametur
822 816 1050 879 expers
1088 793 1386 878 publicae
1422 792 1840 877 privataeque
1878 814 2067 859 curae
2104 798 2279 858 tran-

227 882 557 968 quillitas?
666 882 778 949 sed
849 883 965 948 ubi
1028 882 1222 948 lectio
1290 883 1524 947 fortior
1587 883 1791 947 erexit
1857 882 2144 947 animum
2210 886 2277 947 et

225 974 482 1039 aculeos
530 972 955 1038 subdiderunt
999 972 1297 1056 exempla
1338 971 1609 1055 nobilia,
1660 970 1958 1056 prosilire
2000 972 2162 1037 libet
2206 972 2275 1037 in

131 1086 188 1126 ιο
222 1061 469 1147 forum,
523 1060 931 1127 commodare
978 1060 1164 1126 alteri
1211 1081 1463 1144 vocem,
1510 1060 1697 1126 alteri
1743 1082 2034 1146 operam,
2080 1060 2274 1127 etiam

223 1151 280 1216 si
337 1151 505 1216 nibil
562 1150 1000 1237 profuturam,
1056 1154 1277 1215 tamen
1335 1153 1712 1215 conaturam
1772 1149 2104 1235 prodesse,
2163 1150 2275 1214 ali-

223 1240 407 1307 cuius
464 1262 755 1307 coercere
809 1240 880 1305 in
923 1240 1067 1305 foro
1115 1237 1483 1324 superbiam
1511 1239 1697 1327 *male
1743 1239 2039 1305 secundis
2084 1238 2275 1305 rebus

223 1330 394 1395 elati.
499 1331 569 1394 in
643 1329 875 1397 studiis
938 1331 1100 1414 puto
1166 1349 1270 1393 me
1329 1328 1621 1394 hercules
1681 1329 1911 1395 melius
1974 1349 2111 1394 esse
2175 1350 2277 1394 res

221 1420 396 1504 ipsas
467 1420 708 1484 intueri
778 1423 844 1485 et
905 1418 1139 1483 harum
1202 1438 1397 1484 causa
1454 1417 1668 1502 loqui,
1738 1421 2022 1484 ceterum
2081 1419 2278 1483 verba

129 1523 185 1571 15
218 1508 414 1574 rebus
482 1508 882 1593 permittere,
947 1511 1024 1573 ut
1091 1529 1221 1593 qua
1294 1507 1620 1591 duxerint,
1692 1508 1817 1573 hac
1879 1506 2280 1573 inelaborata

221 1601 530 1681 sequatur
576 1596 810 1663 oratio:
857 1597 876 1627 ‘
891 1596 1048 1682 quid
1095 1618 1258 1681 opus
1307 1599 1406 1663 est
1452 1596 1723 1662 saeculis
1762 1595 2069 1662 duratura
2105 1617 2278 1661 com-

220 1685 508 1772 ponere?
595 1688 694 1752 vis
755 1689 830 1752 tu
887 1708 1023 1752 non
1077 1684 1146 1752 id
1192 1707 1382 1772 agere
1392 1735 1411 1770 ,
1462 1708 1547 1751 ne
1593 1689 1656 1751 te
1702 1686 1948 1770 posteri
1991 1686 2277 1751 taceant!

218 1777 417 1842 morti
453 1780 644 1842 natus
682 1796 779 1860 es,
812 1774 1030 1842 minus
1065 1776 1513 1841 molestiarum
1539 1774 1739 1840 habet
1764 1775 1959 1846 funus
1986 1776 2275 1840 tacitum.

223 1864 444 1950 itaque
493 1864 851 1951 occupandi
896 1864 1208 1950 temporis
1254 1887 1476 1949 causa,
1533 1864 1603 1930 in
1647 1887 1838 1930 usum
1883 1867 2101 1950 tuum,
2142 1887 2277 1931 non

94 1975 184 2019 ’κο
219 1955 292 2020 in
353 1955 771 2041 praeconium
837 1954 1084 2040 aliquid
1147 1953 1432 2038 simplici
1497 1955 1648 2020 stilo
1714 1954 1951 2021 scribe:
2024 1953 2275 2020 minore

217 2045 440 2110 labore
502 2065 664 2130 opus
727 2047 826 2110 est
882 2043 1292 2117 studentibus
1347 2043 1418 2109 in
1472 2043 1687 2110 diem.'
1776 2064 1998 2109 rursus
2044 2043 2161 2108 ubi
2206 2065 2275 2110 se

221 2134 475 2199 animus
535 2133 1006 2221 cogitationum
1065 2131 1510 2220 magnitudine
1562 2132 1833 2218 levavit,
1891 2132 2273 2198 ambitiosus

218 2224 292 2288 in
353 2222 551 2290 verba
609 2226 707 2289 est
761 2223 1084 2306 altiusque
1143 2225 1218 2288 ut
1274 2222 1517 2308 spirare
1561 2222 1656 2309 ita
1700 2223 1921 2306 eloqui
1965 2222 2165 2308 gestit
2210 2226 2275 2287 et

219 2311 303 2378 ad
367 2312 750 2400 dignitatem
812 2333 1030 2378 rerum
1093 2312 1227 2377 exit
1290 2311 1525 2396 orati03
1598 2312 1838 2377 oblitus
1902 2313 2045 2376 tum
2107 2312 2272 2398 legis

96 2413 180 2472 ἐξ
217 2403 685 2488 pressiorisque
747 2401 971 2468 iudicii
1033 2401 1375 2468 sublimius
1438 2401 1613 2466 feror
1667 2404 1733 2467 et
1788 2422 1897 2466 ore
1951 2399 2081 2466 iam
2137 2421 2274 2466 non

216 2513 384 2557 meo.
473 2514 558 2557 ne
603 2491 860 2578 singula
906 2489 1146 2556 diutius
1193 2511 1568 2576 persequar,
1614 2489 1685 2555 in
1722 2488 2031 2555 omnibus
2075 2490 2271 2557 rebus

215 2580 379 2647 haec
436 2603 541 2658 me
604 2579 896 2664 sequitur
919 2591 922 2594 ’
948 2580 1156 2654 bonae
1221 2581 1458 2645 mentis
1511 2578 1871 2645 infirmitas.
1912 2577 1915 2580 ’
1979 2578 2139 2663 quin
2193 2601 2275 2644 ne

402 2769 438 2826 2
475 2789 586 2841 quo
627 2788 724 2839 ue,
774 2813 787 2827 .
828 2813 841 2825 .
885 2773 996 2838 est;
1046 2770 1241 2840 placet
1288 2771 1487 2840 interp.
1528 2771 1594 2825 in
1629 2770 1751 2826 edd.
1788 2775 1913 2826 vett.
1955 2785 2179 2840 quoque
2220 2814 2232 2824 .
2261 2809 2275 2825 .

218 2847 336 2910 est,
371 2843 568 2913 placet
741 2859 869 2898 erue
900 2849 954 2898 et
979 2841 1098 2898 edd.
1127 2859 1260 2898 rece.
1300 2841 1323 2914 ΙΙ
1354 2841 1393 2897 8
1430 2844 1559 2896 suo!
1586 2843 1644 2897 A
1682 2841 1828 2912 quod
1860 2841 2017 2896 haud
2051 2843 2165 2897 scio
2200 2859 2280 2896 an

213 2922 358 2972 recte
408 2915 672 2982 defendat
720 2913 826 2968 Um
874 2913 994 2968 coll.
1039 2930 1105 2968 ca
1146 2956 1159 2968 .
1204 2918 1294 2981 17,
1324 2918 1355 2968 1
1396 2914 1551 2982 epist.
1596 2917 1720 2979 104,
1750 2915 1821 2967 13
1830 2933 1852 2980 ;
1886 2915 1980 2979 83,
2002 2916 2074 2968 18
2120 2913 2279 2966 tutos

221 2985 415 3053 Gertz,
465 2987 562 3054 qui
605 2987 772 3040 etiam
823 2983 1048 3038 auferat
1131 2984 1245 3038 iem
1284 2983 1565 3050 <mihi>
1602 2985 1827 3052 scripsit
1862 2999 2019 3038 meos
2056 2983 2277 3038 Wesen-

216 3057 349 3127 bery
375 3058 563 3111 suetos
581 3056 770 3111 Hense
797 3070 928 3109 suos
957 3054 1059 3110 del.
1080 3054 1317 3159 Stan911

214 3127 293 3182 10
328 3131 498 3198 epam
534 3128 591 3184 A
627 3130 644 3196 n
694 3126 762 3181 11
807 3126 858 3180 si
901 3143 943 3183 s.
972 3143 1022 3182 v.
1062 3127 1192 3182 add.
1228 3129 1287 3183 A
1358 3126 1380 3200 ΙΙ
1429 3125 1500 3181 12
1535 3126 1703 3182 verba
1736 3125 1798 3180 in
1835 3125 1959 3181 foro
1997 3124 2101 3180 del.
2140 3141 2190 3180 v.
2220 3125 2275 3182 d.

229 3199 384 3254 Vliet
425 3205 492 3255 ut
523 3199 666 3256 male
700 3199 934 3269 repetita
968 3216 997 3255 e
1031 3215 1080 3254 v.
1112 3204 1148 3255 9
1194 3197 1216 3272 Η
1263 3197 1337 3253 16
1382 3197 1657 3253 duratura
1685 3198 1742 3254 A
1786 3197 1882 3252 sed
1915 3197 2152 3252 alterum
2187 3213 2277 3264 ur,

216 3272 538 3341 compendio
573 3272 864 3342 scriptum,
893 3270 1022 3327 add.
1051 3287 1092 3326 s.
1123 3288 1170 3326 v.
1200 3271 1330 3338 fort.
1360 3271 1433 3326 al.
1462 3288 1611 3326 man.
1639 3269 1661 3342 Η
1696 3269 1768 3324 18
1794 3285 1854 3324 es
1881 3269 2020 3340 voly.
2050 3269 2139 3324 est
2165 3269 2222 3322 A
2255 3267 2279 3342 ΙΙ

213 3342 292 3398 28
320 3343 536 3414 spirare
561 3344 712 3414 vol9.‘
731 3358 959 3412 sperare
987 3343 1043 3398 A
1066 3342 1088 3416 ΙΙ
1121 3342 1195 3398 24
1221 3343 1341 3398 exit
1358 3343 1415 3399 A
1442 3342 1691 3412 exigitur
1718 3353 1753 3396 ς
1780 3340 2035 3411 exsurgit
2062 3340 2273 3394 Muret.

213 3421 474 3470 neutrum
492 3415 669 3485 probo
697 3413 719 3488 ΙΙ
744 3414 817 3469 25
843 3412 1142 3468 sublimius
1169 3417 1226 3469 A
1262 3413 1520 3469 sublimis
1548 3426 1583 3468 ς
1614 3413 1622 3486 Ι
1654 3413 1770 3467 iam
1802 3413 1997 3467 Muret
2019 3412 2142 3465 tam
2171 3408 2227 3463 A
2254 3407 2276 3480 ΙΙ

213 3485 289 3541 27
321 3486 458 3554 quin
497 3502 568 3541 ne
595 3487 828 3556 Lipsius
865 3485 1030 3541 cuine
1058 3487 1115 3540 A
1152 3486 1234 3541 sic
1269 3501 1343 3540 ne
1375 3484 1537 3542 Gertz
1574 3485 1677 3538 aut
1712 3499 1783 3553 ne
1810 3483 1971 3538 Koch
2006 3487 2057 3538 et
2084 3481 2275 3535 Hense

2316 898 2382 947 12

2318 1344 2383 1393 13

2318 2058 2385 2108 14

2317 2503 2385 2552 15

1318 3054 1327 3128 Ι
1351 3054 1388 3110 ὅ
1414 3055 1538 3123 ipse
1558 3054 1614 3109 A
1640 3053 1755 3124 ipsi
1774 3053 1847 3126 ‹5ss
1870 3053 1908 3108 8
1934 3053 2139 3110 fortior
2156 3053 2281 3126 ΔἽΙ
2376 3066 2383 3076 ·
