2544 3746
661 94 761 148 AD
802 92 1154 149 SERENVM
1190 92 1291 157 DE
1328 93 1499 149 OTIO
1538 92 1692 148 CAP.
1730 98 1779 147 6.
1812 97 1842 147 ’1
2143 94 2273 162 239

226 262 360 305 11911
406 244 503 306 est
549 262 758 324 mora,
814 242 869 306 si
913 263 1046 306 non
1091 245 1272 305 actor
1319 240 1519 323 deest,
1578 238 1689 305 sed
1734 239 1983 327 agenda
2028 238 2275 323 desunt,

226 329 456 413 ecquid
503 330 602 396 illi
649 351 863 396 secum
902 352 1040 396 esse
1076 327 1454 413 permittes?
1528 350 1657 415 quo
1696 330 1911 394 animo
1950 329 2032 393 ad
2070 330 2276 394 otium
2312 344 2345 392 4

227 420 482 504 sapiens
539 418 818 485 secedit?
908 424 984 485 ut
1029 420 1191 485 sciat
1236 441 1303 486 se
1349 422 1489 483 tum
1538 439 1795 502 quoque
1842 440 1918 483 ea
1962 421 2275 502 acturum,

226 531 343 593 per
388 529 550 592 quae
597 510 872 594 posteris
918 510 1141 594 prosit.
1214 530 1334 575 nos
1383 511 1553 573 certe
1591 530 1810 574 sumus
1851 508 1964 591 qui
2000 506 2273 573 dicimus

162 616 188 657 5
226 601 292 663 et
348 596 673 665 Zenonem
737 603 802 665 et
862 596 1299 684 Chrysippum
1358 597 1604 663 maiora
1663 598 1897 684 egisse,
1963 618 2158 682 quam
2220 597 2275 662 si

227 688 559 754 duxissent
605 688 949 772 exercitus,
995 689 1345 773 gessissem:
1381 687 1685 771 honores,
1731 689 1907 773 leges
1944 686 2274 753 tulissent:

226 798 385 862 quas
431 799 566 844 non
604 778 719 843 uni
756 778 1031 863 civitati,
1077 777 1187 843 sed
1224 776 1351 842 toti
1387 776 1672 842 humano
1711 775 1929 863 geueri
1965 777 2272 841 tulerunt.

225 867 383 952 quid
442 872 541 933 est
604 889 758 954 ergo
770 916 789 950 ,
848 888 1042 951 quare
1101 868 1230 932 tale
1288 866 1492 931 otium
1546 888 1681 931 non
1736 865 2078 932 conveniat
2130 866 2272 931 viro

224 957 426 1041 bono,
470 980 587 1042 per
631 957 806 1042 quod
843 957 1063 1022 futura
1099 957 1354 1022 saecula
1392 956 1645 1022 ordinet
1680 977 1801 1022 nec
1836 959 1997 1040 aput
2031 976 2273 1040 paucos

128 1066 185 1105 ιο
224 1047 657 1130 contionetur,
705 1047 816 1111 sed
862 1050 1022 1131 aput
1059 1046 1266 1111 omnis
1307 1046 1595 1111 omnium
1634 1046 1924 1132 gentium
1962 1044 2276 1128 homines,

225 1136 464 1221 quique
520 1140 673 1202 sunt
729 1137 968 1221 quique
1025 1135 1256 1201 erunt?
1356 1136 1436 1199 ad
1492 1158 1809 1201 summam
1868 1156 2133 1219 quaero,
2190 1156 2275 1199 an
2311 1150 2345 1199 5

223 1248 304 1291 ex
349 1226 708 1311 praeceptis
755 1227 888 1291 suis
934 1225 1213 1291 vixerint
1261 1222 1601 1289 Cleanthes
1649 1229 1714 1290 et
1760 1222 2160 1309 Chrysippus
2209 1226 2275 1289 et

220 1314 458 1380 Zenon.
541 1337 670 1381 non
716 1315 906 1381 dubie
951 1315 1371 1399 respondebis
1418 1314 1510 1380 sic
1547 1315 1696 1379 illos
1743 1314 2006 1398 vixisse,
2055 1335 2273 1398 quem-

223 1404 572 1470 admodum
636 1406 929 1471 dixerant
992 1427 1129 1471 esse
1193 1403 1566 1470 vivendum:
1649 1403 1829 1489 atqui
1884 1425 2076 1468 nemo
2133 1404 2275 1469 1110-

127 1512 181 1553 15
221 1516 366 1559 rum
433 1517 568 1560 rem
631 1495 958 1580 publicam
1025 1493 1513 1560 administravit.
1623 1493 1784 1581 non
1842 1491 1998 1558 fuit'
2057 1492 2273 1578 inquis

223 1583 386 1649 ‘illis
443 1587 556 1649 aut
601 1606 676 1649 ea
720 1584 982 1649 fortuna
1028 1588 1140 1649 aut
1186 1606 1261 1649 ea
1309 1584 1616 1670 dignitas,
1679 1604 1841 1667 quae
1888 1581 2146 1647 admitti
2192 1581 2272 1647 ad

221 1674 628 1775 publicarum
674 1696 890 1739 rerum
934 1674 1385 1739 tractationem
1434 1671 1639 1739 solet'
1712 1672 1823 1738 sed
1859 1672 2028 1736 idem
2064 1671 2273 1737 nihilo

223 1762 435 1828 minus
494 1785 629 1828 non
690 1785 951 1849 segnem
1015 1785 1200 1849 egere
1265 1764 1493 1828 vitam:
1567 1763 1979 1845 invenerunt,
2054 1783 2273 1846 quem·

221 1852 569 1918 admodum
606 1853 754 1938 plus
785 1854 966 1938 quies
995 1854 1286 1939 ipsorum
1312 1852 1685 1918 hominibus
1715 1851 2049 1954 prodesset
2078 1872 2270 1936 quam

125 1963 181 2003 20
221 1941 498 2008 aliorum
566 1941 904 2009 discursus
962 1948 1026 2008 et
1095 1944 1306 2010 sudor.
1420 1964 1573 2028 ergo
1644 1941 1850 2007 nihilo
1920 1941 2133 2007 minus
2198 1941 2270 2006 hi

221 2032 502 2097 multum
540 2033 747 2120 egisse
783 2032 908 2097 visi
945 2037 1119 2115 sunt,
1159 2031 1454 2116 quamvis
1490 2031 1659 2096 nihil
1693 2031 1951 2116 publice
1988 2035 2268 2118 agerent.

403 2137 547 2204 VII.
620 2138 956 2205 Praeterea
999 2140 1127 2205 tria
1172 2161 1407 2224 genera
1453 2141 1604 2203 sunt
1648 2138 1847 2222 vitae,
1892 2139 2062 2204 inter
2108 2160 2271 2223 quae
2313 2151 2342 2198 1

223 2228 398 2313 quod
444 2229 532 2295 sit
576 2229 896 2314 optimum
944 2229 1167 2313 quaeri
1172 2192 1405 2294 ι58019111
1449 2250 1651 2293 111111111
1698 2227 2019 2312 voluptati
2065 2231 2271 2312 vacat,

222 2319 496 2384 alterum
550 2319 1109 2404 contemplationi,
1169 2319 1432 2384 tertium
1482 2318 1745 2383 actioni.
1837 2318 2119 2404 primum
2168 2318 2272 2382 de·

125 2429 180 2468 25
221 2408 438 2493 posita
490 2409 901 2475 contentione
957 2409 1379 2494 depositoque
1427 2407 1604 2491 odio,
1665 2407 1839 2493 quod
1884 2407 2271 2493 inplacabile
2388 2433 2391 2438 ·

222 2497 476 2564 diversa
520 2499 936 2585 sequentibus
983 2498 1364 2580 indiximus,
1408 2497 1768 2580 videamus,
1811 2500 1887 2562 ut
1931 2496 2092 2562 haec
2139 2518 2272 2562 om-

220 2588 333 2652 nia
377 2588 459 2653 ad
503 2588 674 2653 idem
721 2588 839 2653 sub
887 2588 1016 2654 alio
1065 2591 1257 2673 atque
1304 2587 1431 2652 alio
1468 2588 1662 2652 titulo
1700 2588 2106 2672 perveniant.
2150 2607 2271 2652 nec

220 2677 361 2762 ille,
421 2678 534 2761 qui
592 2679 994 2780 voluptatem
1049 2678 1307 2762 probat,
1369 2677 1507 2743 sine
1562 2677 2109 2779 contemplatione
2155 2681 2270 2761 est,

220 2788 344 2832 nec
383 2767 522 2851 1119,
559 2768 684 2870 qui·
708 2767 1242 2852 contemplationi
1278 2767 1571 2850 inservit,
1609 2767 1747 2832 sine
1782 2768 2119 2851 voluptate
2155 2769 2271 2849 est,

123 2877 181 2918 so
220 2877 343 2922 nec
387 2855 525 2938 1119,
584 2858 766 2924 cuius
813 2858 948 2921 vita
994 2856 1357 2922 actionibus
1404 2817 1722 2921 destinata
1766 2859 1888 2940 est,
1936 2857 2075 2922 sine
2122 2876 2270 2921 con·

220 2947 641 3031 templatione
705 2949 816 3012 est.
920 2945 1335 3031 ‘plurimum'
1399 2947 1615 3029 inquis
1673 2905 2090 3012 discriminis
2155 2949 2271 3030 est,
2307 2955 2339 3004 2

402 3121 438 3176 9
474 3120 664 3205 future
702 3123 758 3178 A
800 3121 822 3194 ΙΙ
859 3121 926 3177 11
973 3123 1140 3178 verba
1187 3122 1397 3191 quique
1444 3123 1576 3175 sunt
1620 3122 1685 3176 in
1720 3138 1891 3192 nzary.
1930 3120 2060 3176 add.
2099 3119 2272 3177 A'et

213 3199 344 3262 post
396 3192 652 3249 homines
706 3194 1001 3250 inserenda
1051 3210 1160 3250 esse
1208 3194 1453 3264 signavit
1507 3192 1605 3261 qui
1662 3194 1792 3246 sunt
1845 3193 1986 3248 coni.
2036 3193 2201 3247 Haas
2250 3191 2272 3264 ΙΙ

221 3263 296 3320 18
340 3280 453 3319 11911
490 3265 639 3348 woly.
684 3265 833 3332 add„
880 3265 1024 3321 deest
1067 3266 1130 3320 in
1170 3267 1227 3319 A
1271 3265 1293 3338 Η
1346 3263 1417 3319 16
1468 3279 1535 3317 ea
1588 3263 1864 3366 dignitas,
1955 3279 2063 3318 uae
2111 3263 2271 3318 Koch

221 3351 293 3392 ea
344 3335 597 3406 dignitas
648 3353 781 3406 eaq3
829 3336 914 3392 A¹
959 3353 1092 3406 eaq;
1143 3338 1206 3390 in
1257 3351 1475 3404 eaquae
1524 3353 1660 3392 corr.
1704 3335 1789 3390 A’
1832 3335 1852 3406 Η
1901 3335 1932 3390 1
2018 3335 2268 3404 ipsorum

230 3408 319 3464 W.
353 3354 563 3464 Gemoll
597 3407 826 3462 illorum
855 3409 909 3463 A
945 3407 952 3480 Ι
1001 3408 1074 3463 26
1108 3410 1175 3461 ut
1207 3407 1370 3465 Gertz
1408 3409 1467 3462 in
1494 3409 1550 3464 A
1590 3424 1663 3461 an
1700 3407 1836 3479 voly.
1874 3407 1897 3480 ΙΙ
1929 3406 2002 3462 80
2032 3406 2269 3461 actioni-

219 3478 330 3534 bus
357 3482 411 3534 A
450 3479 663 3535 actioni
702 3482 896 3536 Muret
958 3487 1057 3536 ort.
1087 3487 1228 3535 recte
