2544 3746
152 1041 206 1081 10

157 1489 208 1530 15

157 1938 210 1978 2⁰

878 66 978 121 DE
1013 65 1144 121 IRA
1183 65 1317 124 Lm.
1346 63 1389 120 Ι.
1428 63 1584 122 ΟΔΡ.
1616 71 1645 122 1
2206 67 2291 132 47

239 237 405 300 quos
451 214 550 279 ira
584 212 902 298 possedit,
933 213 1162 298 ipsum
1199 211 1465 276 illorum
1500 211 1796 276 habitum
1833 210 2110 295 intuere;
2142 233 2295 276 nam

235 308 312 369 ut
356 303 712 369 fluentium
759 306 936 368 certa
978 301 1220 367 indicia
1265 302 1417 366 sunt
1463 299 1674 367 audax
1710 304 1776 365 et
1810 301 2033 366 minax
2059 300 2297 382 vultus,

237 394 445 460 tristis
510 392 720 475 frons,
782 395 971 456 torva
1032 389 1261 474 facies,
1333 391 1569 456 citatus
1635 389 1901 476 gradus,
1972 389 2296 474 inquietae

237 504 499 564 manus,
557 482 738 547 color
779 502 1032 563 versus,
1091 480 1314 546 crebra
1368 483 1433 544 et
1476 479 1919 545 vehementius
1976 483 2119 545 acta
2164 500 2300 546 sus-

237 573 436 658 piria,
497 571 592 636 ita
657 569 1072 636 irascentium
1136 568 1359 635 eadem
1416 568 1605 655 signa
1658 571 1835 635 sunt:
1899 567 2179 654 flagrant
2224 589 2299 634 ac

238 661 486 728 micant
551 661 754 743 oculi,
817 659 1062 724 multus
1129 680 1239 723 ore
1303 660 1445 723 toto
1500 656 1700 722 rubor
1753 659 2165 724 exaestuante
2220 658 2331 722 ab..

241 750 390 815 imis
461 748 856 835 praecordiis
930 748 1275 834 sanguine,
1343 747 1527 814 labra
1599 747 2007 833 quatiuntur,
2080 746 2301 812 dentes

241 840 792 924 comprimuntur,
835 838 1103 904 horrent
1148 858 1223 902 ac
1280 838 1692 923 surriguntur
1727 837 1978 922 capilli,
2036 836 2301 922 spiritus

242 933 505 996 coactus
553 948 628 992 ac
675 927 980 1011 stridens,
1034 925 1454 992 articulorum
1508 949 1576 992 se
1622 927 1799 1012 ipsos
1860 927 2302 1011 torquentium

243 1040 473 1100 sonus,
518 1017 798 1102 gemitus
836 1017 1252 1102 mugitusque
1282 1018 1348 1081 et
1375 1038 1606 1099 parum
1644 1016 2005 1100 explanatis
2033 1015 2302 1081 vocibus

242 1127 454 1173 sermo
511 1104 896 1190 praeruptus
952 1107 1018 1169 et
1073 1105 1420 1191 conplosae
1476 1106 1730 1189 saepius
1778 1118 2007 1170 manus
2054 1106 2119 1168 et
2163 1103 2307 1190 pul·

243 1200 385 1262 sata
428 1194 665 1261 humus
712 1194 983 1280 pedibus
1015 1197 1078 1260 et
1105 1198 1319 1264 totum
1357 1194 1687 1261 concitum
1724 1215 1959 1278 corpus
1988 1193 2305 1280 ‘magnas-

246 1308 370 1371 que
429 1285 562 1350 irae
622 1286 832 1350 minas
893 1283 1136 1370 agens’‚
1193 1284 1385 1349 foeda
1428 1285 1575 1350 visu
1634 1286 1699 1348 et
1742 1282 2063 1349 horrenda
2107 1283 2303 1350 facies

245 1375 736 1461 depravantium
767 1397 836 1440 se
865 1378 1058 1458 atque
1095 1373 1663 1439 intumescentium
1694 1409 1779 1420 -—
1808 1373 2057 1439 nescias
2086 1375 2305 1439 utrum

246 1464 455 1550 magis
515 1461 892 1528 detestabile
935 1463 1170 1528 vitium
1226 1463 1313 1528 sit
1366 1485 1451 1528 an
1502 1461 1807 1529 deforme.
1900 1465 2110 1528 cetera
2152 1462 2307 1528 licet

247 1551 638 1619 abscondere
694 1555 760 1616 et
813 1552 884 1617 in
929 1551 1148 1616 abdito
1197 1552 1393 1616 alere:
1440 1552 1537 1616 ira
1581 1573 1649 1618 se
1695 1551 1945 1636 profert
1991 1556 2056 1615 et
2100 1552 2169 1616 in
2215 1551 2306 1615 fa-

247 1643 414 1708 ciem
459 1641 614 1724 exit,
651 1645 1024 1725 quantoque
1062 1641 1289 1723 maior,
1323 1642 1449 1706 hoc
1486 1640 1845 1707 effervescit
1883 1640 2305 1705 manifestius.

245 1753 382 1797 non
427 1731 607 1796 vides
653 1734 730 1795 ut
775 1731 1068 1795 omnium
1115 1730 1489 1795 animalium
1504 1777 1523 1814 ,
1574 1729 1770 1796 simul
1816 1730 1897 1795 ad
1942 1729 2305 1796 nocendum

139 1869 143 1872 -
247 1822 762 1904 insurrexerunt,
816 1823 1233 1905 praecurrant
1284 1823 1477 1885 notae
1532 1840 1609 1887 ac
1653 1822 1795 1885 tota
1840 1840 2113 1904 corpora
2160 1819 2308 1885 soli-

245 1916 390 1977 tum
428 1912 849 1995 quietumque
886 1910 1298 1996 egrediantur
1332 1909 1626 1975 habitum
1666 1914 1731 1974 et
1766 1909 2087 1975 feritatem
2126 1930 2307 1974 suam

248 1998 673 2086 exasperent?
737 2003 1043 2083 spumant
1079 2000 1253 2085 apris
1288 2021 1430 2082 ora,
1466 1999 1687 2065 dentes
1718 2001 2036 2065 acuuntur
2066 1998 2309 2082 attritu,

248 2093 586 2154 taurorum
632 2110 876 2154 cornua
918 2089 1240 2154 iactantur
1285 2089 1357 2153 in
1399 2109 1675 2155 vacuum
1722 2092 1788 2153 et
1831 2088 2072 2152 harena
2116 2088 2310 2173 pulsu

249 2180 491 2263 pedum
557 2179 912 2263 spargitur,
980 2178 1200 2244 leones
1276 2178 1588 2261 fremunt,
1660 2177 1970 2242 inflantur
2042 2178 2309 2241 irritatis

251 2268 422 2334 colla
460 2268 893 2353 serpentibus,
927 2267 1295 2333 rabidarum
1335 2288 1568 2333 canum
1604 2267 1808 2333 tristis
1848 2270 2143 2351 aspectus
2187 2268 2311 2332 est:

433 2516 470 2570 2
507 2512 656 2571 sunt.
697 2515 886 2569 audax
922 2533 961 2571 a
1002 2516 1500 2585 intevanctionem
1544 2530 1683 2570 corr.
1724 2514 1890 2570 Gertz
1938 2514 1959 2587 ΙΙ
2008 2514 2045 2568 6
2092 2516 2309 2569 exestu-

255 2590 390 2643 ante
415 2588 470 2642 L
489 2599 526 2641 ς
563 2589 620 2641 et
649 2589 910 2641 estuante
937 2605 974 2641 α
999 2586 1022 2660 ΙΙ
1060 2588 1090 2641 7
1121 2587 1268 2655 ymis
1297 2604 1335 2641 a
1362 2588 1381 2657 ΙΙ
1416 2585 1452 2640 9
1476 2586 1872 2656 torquencium
1901 2604 1938 2640 α
1965 2584 1986 2659 ΙΙ
2022 2586 2089 2640 11
2120 2586 2311 2657 cplose

254 2660 446 2729 sepius
485 2677 524 2714 α
568 2658 590 2732 ΙΙ
639 2657 710 2712 12
747 2674 1098 2730 magnasque
1133 2658 1217 2712 ire
1247 2661 1315 2729 (?)
1353 2660 1537 2711 minas
1576 2673 1751 2729 agens
1789 2675 1827 2712 a
1846 2658 1900 2713 L
1936 2674 2103 2728 quam
2138 2659 2312 2727 serip-

254 2738 442 2787 turam
496 2736 640 2786 recte
692 2730 911 2785 videtum
959 2730 1247 2796 defendere
1292 2730 1367 2785 A.
1408 2730 1643 2785 stamas
1696 2746 1995 2801 aymo-scens
2048 2730 2313 2785 iambicos

255 2819 512 2859 numeros
567 2801 824 2871 (Hermes
859 2802 986 2856 XX
996 2802 1154 2857 VIII
1193 2819 1253 2871 p.
1286 2802 1434 2870 278).
1488 2803 1647 2857 mitto
1700 2804 2045 2857 coniectwras
2091 2818 2175 2857 vv.
2217 2801 2307 2858 dd.

246 2892 458 2944 parum
489 2874 805 2942 probabiles
846 2872 867 2946 Η
912 2872 984 2927 13
1018 2870 1153 2927 feda
1189 2890 1228 2927 a
1266 2872 1289 2945 Η
1332 2870 1404 2926 14
1442 2872 1880 2942 deprauantium
1917 2888 1977 2927 se
2016 2874 2189 2943 atque
2225 2873 2311 2927 in-

255 2945 695 3001 tumescentium
743 2945 798 2999 L
849 2944 987 3016 voly.
1038 2944 1449 3012 deprauancifi-
1477 2944 1664 3014 adque
1714 2944 2161 2999 intumescencifi
2206 2962 2244 2999 a
2291 2944 2315 3017 11

255 3017 330 3072 15
365 3016 525 3071 ιιίοίῆ
561 3034 600 3071 α
633 3016 654 3089 Η
699 3015 771 3069 16
807 3018 868 3071 et
901 3016 963 3069 in
1001 3014 1196 3070 abdito
1227 3016 1283 3071 L
1316 3016 1455 3087 voly.
1495 3018 1555 3071 et
1592 3015 1788 3071 abdito
1825 3034 1863 3071 a
1898 3015 1919 3089 Η
1963 3016 2032 3071 17
2072 3016 2311 3086 quanto-

258 3103 370 3157 que
407 3088 592 3142 maior
628 3105 665 3142 a
712 3089 799 3141 est
846 3088 982 3158 volq.
1027 3086 1269 3154 addunt,
1316 3087 1413 3143 sed
1448 3086 1551 3155 cfr.
1590 3088 1739 3143 clem.
1779 3089 1822 3142 I
1845 3090 1899 3155 5,
1917 3092 1953 3143 4
1991 3092 2065 3158 (p.
2094 3090 2313 3155 224,ae

259 3161 424 3229 Hoc.)
463 3159 598 3213 dial.
630 3160 744 3213 III
774 3162 860 3226 13,
878 3163 918 3213 2
959 3159 979 3231 Η
1028 3158 1098 3213 19
1135 3161 1408 3228 pour-rant
1443 3160 1576 3215 note
1614 3176 1651 3214 α
1671 3159 1725 3214 L
1768 3161 2107 3229 procurrant
2142 3160 2313 3215 notae

259 3231 382 3286 edd.
427 3236 558 3285 ante
608 3230 951 3296 Fickertum,
1001 3232 1122 3285 sine
1167 3230 1337 3285 dubio
1380 3236 1534 3286 recte.
1603 3230 1725 3285 irae
1770 3236 1899 3285 ame
1943 3232 2314 3299 praecurrant

261 3303 394 3357 add.
435 3301 630 3367 Gertz,
670 3308 736 3356 ut
769 3301 971 3356 habeat
1001 3308 1173 3373 yenet.
1220 3301 1471 3356 omnium
1510 3300 1842 3356 animalium
1879 3301 2028 3356 unde
2054 3301 2312 3371 pendeat.

261 3380 509 3444 expectes
544 3372 806 3427 omnibus
843 3373 904 3427 in
943 3371 1286 3427 animalibus
1325 3415 1338 3428 .
1370 3415 1382 3428 .
1415 3414 1429 3429 .
1461 3414 1473 3430 .
1510 3375 1847 3443 procurrant
1887 3373 1895 3445 Ι
1942 3388 2009 3427 ac
2046 3390 2082 3428 a
2120 3374 2179 3429 et
2205 3373 2260 3428 L
2294 3372 2315 3444 1!

262 3444 338 3501 20
365 3445 734 3515 quietumque
763 3444 818 3501 L
855 3444 1110 3514 quietum
1146 3462 1185 3500 a
1219 3444 1241 3519 ΙΙ
1276 3443 1349 3499 22
1386 3460 1559 3500 arena
1595 3462 1633 3503 α

2339 926 2384 967 s

2344 1391 2379 1438 ὅ
2422 1390 2428 1398 ,
