2544 3746
29 3595 128 3706 R

224 85 356 153 316
617 82 678 137 L.
709 80 996 137 ANNAEI
1032 78 1364 147 SENECAE
1401 80 1593 136 DIAL.
1622 80 1758 135 LIB.
1786 80 1880 137 XI.

153 247 184 296 3
220 227 524 295 lacrimae
560 226 750 293 nobis
789 226 1059 293 deerunt
1095 230 1244 292 ante
1283 247 1480 311 quam
1516 247 1747 293 causae
1784 227 2062 293 dolendi.
2142 250 2282 295 non

222 317 432 401 vides,
490 317 749 401 qualem
807 315 999 382 nobis
1058 316 1262 381 vitam
1322 337 1539 381 rerum
1596 318 1830 381 natura
1888 316 2284 401 promiserit,

223 427 386 492 quae
430 405 715 489 primum
758 404 1163 471 nascentium
1208 405 1549 471 hominum
1586 404 1813 470 fletum
1848 426 1988 472 esse
2025 406 2283 471 voluit?

221 492 349 561 hoc
384 494 707 579 principio
747 494 1023 577 edimur,
1069 494 1225 559 huic
1262 495 1474 559 omnis
1512 494 1922 579 sequentium
1959 516 2283 561 annorum

224 583 381 649 ordo
438 583 776 649 consentit.
870 583 965 649 sic
1017 583 1221 648 vitam
1278 583 1559 669 agimus,
1620 582 1895 667 ideoque
1950 584 2283 650 moderate

222 670 292 739 id
345 672 489 738 fieri
543 672 738 737 debet
791 694 830 737 a
883 671 1100 756 nobis,
1155 672 1335 757 quod
1381 692 1571 756 saepe
1617 670 1987 738 faciendum
2032 676 2158 756 est,
2214 677 2284 738 et

218 761 667 845 respicientes,
705 764 1022 845 quantum
1057 783 1097 825 a
1131 764 1319 847 tergo
1356 782 1574 834 rerum
1610 760 1898 827 tristium
1926 762 2281 845 immineat,

222 850 280 916 si
350 871 486 915 non
546 849 735 915 finire
798 850 1124 934 lacrimas,
1198 854 1265 913 at
1329 853 1501 916 certe
1563 871 1890 915 reservare
1953 850 2280 916 debemus.

220 937 388 1004 nulli
441 938 837 1023 parcendum
892 942 991 1005 est
1035 939 1131 1004 rei
1177 940 1387 1025 magis
1435 960 1631 1023 quam
1674 938 1857 1021 huic,
1911 940 2096 1006 cuius
2141 944 2281 1005 tam

221 1026 526 1112 frequens
571 1048 728 1092 usus
775 1030 888 1093 est.

154 1151 184 1201 1
401 1131 482 1199 V.
555 1131 726 1198 Illud
787 1153 1048 1217 quoque
1101 1137 1167 1197 te
1221 1154 1358 1198 non
1410 1133 1754 1199 minimum
1810 1133 2159 1218 adiuverit,
2223 1134 2283 1200 si

223 1222 610 1308 cogitaveris
682 1222 850 1287 nulii
921 1222 1136 1287 minus
1209 1223 1470 1307 gratum
1534 1243 1674 1289 esse
1740 1223 2030 1288 dolorem
2092 1227 2285 1289 tuum

223 1331 418 1395 quam
465 1311 555 1395 ei,
598 1310 704 1376 cui
740 1311 1054 1395 praestari
1090 1309 1373 1377 videtur:
1416 1311 1709 1395 torqueri
1746 1311 1858 1377 ille
1892 1315 1959 1378 te
1996 1316 2113 1377 aut
2145 1334 2287 1379 non

222 1400 369 1465 vult
413 1402 526 1464 aut
570 1420 706 1464 non
749 1400 1087 1485 intellegit.
1178 1400 1363 1464 nulla
1407 1401 1627 1483 itaque
1673 1402 1811 1466 eius
1862 1400 2067 1467 officii
2112 1402 2283 1467 ratio

226 1492 351 1571 est,
415 1488 592 1572 quod
656 1489 742 1572 ei,
808 1489 915 1554 cui
976 1492 1373 1574 praestatur,
1436 1489 1493 1553 si
1548 1489 1717 1554 nihil
1771 1491 1995 1574 sentit,
2060 1512 2285 1574 super-

153 1595 184 1643 2
223 1598 502 1643 vacuum
559 1580 685 1661 est,
739 1577 795 1643 si
851 1580 1078 1662 sentit,
1131 1577 1463 1663 ingratum
1518 1582 1633 1643 est.
1726 1577 1893 1663 [24]
1952 1580 2285 1644 neminem

225 1678 362 1732 esse
417 1668 560 1731 toto
618 1665 773 1732 orbe
827 1669 1172 1750 terrarum,
1229 1667 1345 1749 qui
1401 1667 1756 1739 delectetur
1798 1667 2086 1733 lacrimis
2130 1669 2285 1753 tuis,

223 1754 528 1821 audacter
573 1754 863 1823 dixerim.
929 1755 1086 1839 quid
1133 1756 1335 1841 ergo?
1401 1777 1594 1840 quem
1640 1778 1833 1822 nemo
1871 1756 2176 1822 adversus
2215 1760 2285 1822 te

223 1843 512 1910 animum
551 1844 748 1931 gerit,
783 1866 931 1910 eum
969 1866 1108 1910 esse
1139 1847 1214 1910 tu
1243 1845 1450 1911 credis
1478 1845 1697 1912 fratris
1725 1846 1852 1931 tui,
1887 1849 1963 1912 ut
1990 1846 2285 1913 cruciatu

221 1934 319 1999 tui
364 1938 594 2000 noceat
638 1933 787 2018 tibi,
833 1937 908 1998 ut
951 1937 1018 1999 te
1064 1934 1224 1999 velit
1270 1934 1587 2001 abducere
1624 1936 1703 2000 ab
1744 1935 2284 2020 occupationibus

221 2022 379 2105 tuis,
427 2022 494 2087 id
540 2026 640 2088 est
685 2045 724 2087 a
768 2022 984 2088 studio
1032 2026 1098 2088 et
1134 2046 1174 2087 a
1211 2021 1526 2088 Caesare?
1598 2045 1733 2089 non
1770 2028 1870 2090 est
1903 2023 2032 2090 hoc
2068 2025 2287 2090 simile

221 2111 375 2176 veri.
449 2111 560 2176 ille
609 2112 781 2176 enim
827 2112 1302 2198 indulgentiam
1346 2112 1470 2177 tibi
1519 2117 1830 2197 tanquam
1876 2113 2065 2178 fratri
2101 2135 2286 2198 prae-

223 2199 417 2283 stitit,
460 2200 938 2286 venerationem
984 2204 1298 2284 tanquam
1344 2203 1624 2286 parenti,
1673 2202 1923 2267 cultum
1968 2206 2287 2287 tanquam

223 2288 569 2374 superiori3
605 2289 716 2355 ille
754 2289 1070 2355 desiderio
1103 2290 1226 2355 tibi
1253 2310 1394 2355 esse
1422 2292 1593 2374 vult,
1626 2293 1951 2356 tormento
1981 2312 2121 2356 esse
2147 2312 2289 2356 11011

223 2377 383 2443 vult.
477 2377 634 2463 quid
689 2378 910 2462 itaque
965 2378 1147 2444 iuvat
1201 2378 1416 2444 dolori
1462 2378 1888 2462 intabescere,
1945 2399 2169 2463 quem,
2226 2380 2287 2443 si

152 2485 183 2533 3
226 2467 371 2551 quis
418 2467 739 2532 defunctis
787 2488 1010 2534 sensus
1059 2472 1184 2552 est,
1230 2468 1408 2532 finiri
1453 2468 1653 2534 frater
1697 2470 1849 2533 tuus
1888 2466 2113 2553 cupit?
2204 2468 2288 2533 de

222 2555 351 2620 alio
397 2555 622 2638 fratre,
668 2557 851 2621 cuius
899 2556 1144 2622 incerta
1188 2561 1409 2642 posset
1445 2558 1748 2622 voluntas
1784 2557 2014 2641 videri,
2063 2557 2289 2621 omnia

221 2643 381 2709 haec
436 2645 506 2710 in
562 2644 758 2710 dubio
813 2667 1122 2730 ponerem
1178 2649 1243 2710 et
1299 2645 1603 2711 dicerem:
1660 2645 1827 2712 ‘sive
1881 2648 1947 2710 te
1991 2645 2291 2730 torqueri

223 2731 506 2799 lacrimis
560 2754 918 2816 numquam
974 2734 1416 2800 desinentibus
1471 2734 1672 2800 frater
1724 2738 1878 2800 tuus
1926 2734 2137 2819 cupit,
2190 2734 2291 2799 in-

222 2821 457 2907 dignus
521 2820 650 2888 hoc
713 2822 950 2889 affectu
1012 2827 1129 2888 tuo
1193 2827 1320 2908 est3
1394 2824 1529 2889 sive
1591 2845 1728 2888 non
1789 2823 1961 2907 vult,
2021 2822 2291 2907 utrique

401 3012 439 3067 8
474 3013 766 3154 ¹hominum
813 3014 860 3070 Ο
904 3030 1072 3069 omen
1109 3015 1306 3070 Mum-et
1351 3014 1373 3088 ΙΙ
1422 3014 1495 3070 16
1531 3017 1699 3084 prius
1736 3018 1825 3071 est
1859 3016 1997 3087 voly.
2037 3031 2141 3070 om.
2180 3017 2289 3083 cfr.

222 3100 268 3138 c.
308 3087 425 3151 4,1
551 3083 624 3138 19
675 3085 933 3140 cruciatu
983 3086 1071 3140 tui
1121 3102 1325 3140 nocere
1373 3088 1535 3141 malit
1583 3085 1776 3154 Gertz,
1824 3086 1923 3143 sed
1970 3087 2095 3142 vide
2146 3102 2293 3156 quae

223 3154 457 3209 Joh.M
468 3084 593 3209 11ον
627 3158 693 3210 in
727 3163 832 3210 act.
862 3157 1042 3212 Acad.
1076 3157 1306 3212 Vindob.
1347 3158 1682 3213 CXXXVI
1712 3163 1877 3226 1217
1922 3159 2237 3228 disputavit
2268 3157 2293 3230 ΙΙ

224 3223 864 3282 20utteuelith.
893 3227 1212 3282 2Huate
1256 3228 1603 3284 uelith.
1642 3235 1673 3283 1
1722 3229 1891 3286 seda
1975 3235 2291 3299 osteaper-

225 3294 470 3360 foratum
506 3302 587 3350 est
623 3298 683 3352 et
759 3298 944 3353 riuate
981 3297 1127 3354 nolit
1155 3300 1216 3354 D
1253 3302 1314 3355 et
1339 3301 1567 3369 priuate
1594 3301 1740 3355 uelit
1769 3301 1883 3428 EA!
2027 3299 2291 3356 defuncti

231 3366 279 3419 Ο
313 3381 448 3420 corr.
483 3366 681 3422 Mur-et
711 3315 867 3491 ι11).ξὸ
913 3371 974 3423 111
1022 3369 1195 3425 dubio
1237 3372 1405 3427 Gertz
1452 3389 1567 3426 11011
1614 3371 1789 3428 dubie
1925 3371 2099 3427 dubie
2144 3373 2287 3443 voly.

228 3435 419 3489 omnia
455 3436 563 3489 hac
602 3452 707 3492 con
749 3440 933 3494 mione
970 3457 1265 3510 ponerem,
1302 3445 1370 3497 ut
1408 3442 1655 3498 dicerem
1684 3444 1961 3502 Schultess

2321 1054 2377 1094 10

2322 1513 2375 1555 15
