2544 3746
231 585 256 624 5

203 1053 260 1090 1⁰

200 1497 258 1536 15

834 61 934 116 DE
970 60 1479 116 PROVIDENTIA
1516 59 1813 117 GAP.1.2
2299 65 2341 129 3

297 208 436 274 eius
483 210 968 292 aemulatorque
1016 211 1082 273 et
1126 229 1279 272 vera
1318 206 1688 293 progenies,
1734 228 1928 290 quam
1964 227 2195 291 parens
2232 207 2344 272 ille

295 298 710 383 magnificus,
768 297 1086 362 virtutum
1143 317 1282 362 non
1337 296 1502 362 lenis
1562 298 1850 379 exactor,
1908 294 2077 362 sicut
2138 297 2345 363 severi

295 390 540 471 patres,
587 386 809 451 durius
858 387 1104 451 educat.
1187 385 1409 469 itaque
1455 406 1603 450 cum
1648 345 1884 450 videris
1927 385 2133 451 bonos
2171 385 2343 452 viros
2384 403 2417 452 6

297 479 725 560 acceptosque
787 475 909 539 diis
967 475 1294 558 laborare,
1350 474 1608 558 sudare,
1651 496 1769 558 per
1811 473 2083 540 arduum
2131 495 2346 542 escen-

296 565 476 648 dere,
547 566 754 630 malos
826 567 1044 630 autem
1115 563 1413 629 lascivire
1486 566 1553 629 et
1619 563 2065 648 voluptatibus
2128 564 2347 648 fluere,

297 653 515 740 cogita
587 652 871 718 filiorum
944 673 1065 718 nos
1140 652 1459 718 modestia
1532 653 1862 736 delectari,
1933 654 2345 719 vernularum

294 743 589 827 licentia,
645 743 794 808 illos
855 741 1197 826 disciplina
1259 742 1533 808 tristiori
1579 741 1920 827 contineri,
1977 742 2213 808 horum
2261 742 2347 808 ali

297 832 687 898 audaciam.'
733 832 906 898 idem
952 831 1076 897 tibi
1121 831 1203 897 de
1247 831 1368 897 deo
1414 831 1687 916 liqueat:
1733 831 1979 896 bonum
2019 831 2233 898 virum
2278 831 2349 896 in

296 921 544 987 deliciis
579 943 715 987 non
748 920 975 1005 habet,
1021 921 1383 1006 experitur,
1426 921 1713 1004 indurat,
1759 919 1885 985 sibi
1920 919 2107 986 illum
2143 925 2347 1006 parat.

477 1026 556 1092 H.
619 1027 639 1058 ‘
654 1026 865 1105 Quare
930 1029 1139 1092 multa
1200 1026 1391 1093 bonis
1437 1026 1592 1092 viris
1653 1027 1922 1093 adversa
1965 1027 2347 1094 eveniunt?'
2387 1045 2416 1093 1

294 1116 466 1182 nihil
523 1117 811 1184 accidere
870 1116 1046 1182 bono
1104 1115 1245 1181 viro
1308 1117 1463 1182 mali
1517 1119 1761 1201 potest:
1818 1135 1954 1182 non
1996 1116 2351 1183 miscentur

297 1207 638 1272 contraria.
731 1205 1277 1290 quemadmodum
1321 1208 1424 1272 tot
1470 1227 1719 1290 amnes,
1771 1209 2025 1272 tantum
2073 1227 2349 1291 superne

297 1294 696 1362 deiectorum
759 1294 1097 1380 imbrium,
1153 1299 1339 1361 tanta
1397 1295 1864 1361 medicatorum
1909 1295 2007 1361 vis
2066 1295 2349 1362 fontium

297 1407 435 1450 non
479 1388 737 1450 mutant
780 1406 1076 1469 saporem
1124 1384 1351 1469 maris,
1407 1406 1489 1450 ne
1533 1385 1878 1450 remittunt
1923 1384 2213 1470 quidem,
2254 1384 2352 1449 ita

299 1475 711 1540 adversarum
771 1473 1054 1559 impetus
1112 1495 1329 1538 rerum
1388 1474 1513 1539 viri
1565 1473 1754 1539 fortis
1798 1495 1934 1539 non
1976 1472 2174 1539 vertit
2218 1474 2351 1539 ani-

298 1585 515 1629 mum:
588 1568 808 1630 manet
871 1562 940 1628 in
1006 1566 1181 1628 statu
1246 1566 1313 1628 et
1377 1562 1685 1648 quicquid
1750 1562 1964 1629 evenit
2026 1562 2096 1627 in
2158 1583 2349 1628 suum

299 1654 585 1718 colorem
641 1651 870 1736 trahit3
924 1655 1024 1717 est
1078 1651 1252 1718 enim
1309 1651 1611 1718 omnibus
1667 1651 1950 1718 externis
2002 1652 2348 1737 potentior.
2416 1657 2421 1660 '

298 1763 422 1808 nec
457 1741 584 1806 hoc
621 1741 793 1807 dico:
838 1763 974 1806 non
1011 1741 1209 1806 sentit
1243 1741 1386 1825 illa,
1422 1741 1534 1807 sed
1565 1741 1770 1807 vincit
1796 1745 1865 1806 et
1891 1741 2135 1826 alioqui
2175 1741 2349 1826 quie·
2386 1759 2419 1806 2

298 1836 409 1897 tus
466 1830 888 1917 placidusque
947 1834 1174 1897 contra
1235 1831 1631 1897 incurrentia
1690 1830 2027 1897 attollitur.
2134 1830 2353 1897 omnia

299 1920 571 1986 adversa
614 1920 1108 1987 exercitationes
1143 1924 1351 2005 putat.
1443 1920 1588 2004 quis
1626 1924 1873 2005 autem,
1917 1920 2017 1986 vir
2051 1921 2246 1986 modo
2286 1924 2353 1987 et

299 2013 555 2075 erectus
613 2010 696 2075 ad
748 2008 1057 2093 honesta,
1099 2031 1233 2075 non
1281 2013 1379 2075 est
1422 2010 1664 2076 laboris
1720 2010 2029 2094 adpetens
2083 2008 2241 2076 iusti
2286 2013 2352 2075 et

298 2094 390 2164 ad
430 2097 648 2165 officia
693 2120 842 2165 cum
894 2098 1183 2183 periculo
1242 2098 1631 2184 promptus?
1703 2098 1809 2165 cui
1852 2119 1987 2164 non
2032 2098 2350 2165 industrio

299 2186 510 2253 otium
546 2209 759 2273 poena
793 2186 936 2253 est?
979 2186 1256 2255 athletas
1292 2187 1615 2273 videmus,
1652 2188 1887 2273 quibus
1922 2187 2159 2253 virium
2199 2210 2353 2255 cura
2388 2204 2421 2252 3

297 2280 430 2362 est,
474 2298 622 2343 cum
657 2276 1030 2343 fortissimis
1077 2277 1443 2363 quibusque
1489 2277 1836 2365 confligere
1874 2281 1940 2344 et
1976 2278 2231 2365 exigere
2268 2278 2349 2344 ab

297 2367 359 2431 is
417 2388 536 2451 per
597 2386 763 2451 quos
825 2367 1161 2433 certamini
1221 2371 1713 2452 praeparantur,
1774 2371 1850 2433 ut
1907 2368 2064 2433 totis
2125 2371 2353 2433 contra

299 2455 481 2557 ipsos
525 2455 775 2522 viribus
819 2459 1114 2541 utantun
1169 2456 1351 2522 caedi
1395 2478 1464 2522 se
1509 2457 1856 2541 vexarique
1901 2456 2241 2541 patiuntur
2284 2462 2351 2523 et

301 2545 361 2611 si
413 2566 550 2611 non
601 2545 944 2611 inveniunt
1001 2546 1294 2648 singulos
1347 2567 1564 2630 pares,
1619 2545 1917 2631 pluribus
1971 2545 2168 2611 simul
2214 2546 2351 2611 obi-

301 2634 581 2701 ciuntur.
673 2639 918 2701 marcet
969 2635 1108 2700 sine
1164 2635 1529 2701 adversario
1576 2636 1810 2719 virtus3
1868 2638 2029 2701 tunc
2082 2639 2351 2721 apparet
2386 2650 2421 2698 4

301 2727 550 2807 quanta
586 2724 674 2789 sit
709 2728 1151 2809 quantumque
1186 2725 1459 2809 polleat,
1496 2746 1646 2790 cum
1675 2723 1833 2809 quid
1867 2723 2077 2809 possit
2101 2723 2349 2809 patien-

299 2812 398 2879 tia
442 2812 742 2879 ostendit.
833 2812 998 2880 scias
1049 2812 1207 2879 licet
1257 2813 1431 2879 idem
1476 2813 1631 2879 viris
1685 2812 1875 2879 bonis
1923 2834 2062 2879 esse
2112 2813 2348 2880 facien·

302 2902 490 2985 dum,
533 2906 610 2968 ut
645 2901 806 2969 dura
849 2923 926 2969 ac
961 2902 1254 2969 difficilia
1296 2924 1432 2969 non
1474 2902 1897 2969 reformident
1939 2922 2060 2969 nec
2096 2903 2175 2970 de
2209 2903 2349 2969 fato

485 3076 518 3131 1
558 3076 877 3147 emulatorq
885 3076 1101 3204 ·AA
1064 3076 1157 3150 12
1204 3076 1466 3151 ιιοιι19ιιιει
1500 3079 1558 3134 A
1690 3077 1773 3134 sic
1819 3078 1887 3133 ut
1923 3078 1980 3134 A
2028 3084 2093 3133 ut
2134 3094 2297 3148 saepe
2330 3077 2352 3182 u

300 3147 340 3203 8
375 3150 569 3219 patres
587 3148 674 3205 A⁶
701 3150 769 3218 ()?
795 3150 988 3218 partes
1083 3146 1157 3222 ιΙΙ
1190 3147 1229 3205 4
1255 3148 1555 3205 escendere
1640 3150 1933 3221 onaan-sius
1969 3148 2238 3205 excedere
2266 3150 2323 3206 A

299 3235 441 3277 corr.
479 3222 545 3275 in
581 3219 890 3276 excendere
924 3218 1009 3276 A¹
1030 3218 1064 3305 ΙΙ
1105 3220 1176 3276 11
1215 3218 1395 3275 nichil
1421 3222 1476 3277 A
1512 3228 1578 3277 ut
1610 3223 1725 3289 fere
1758 3236 1966 3291 semper
2007 3219 2029 3294 ΙΙ
2071 3219 2145 3275 12
2181 3236 2350 3290 quem

302 3291 515 3347 amedu
300 3290 673 3437 amarfal
686 3290 789 3419 1⁸3²
797 3291 1286 3467 idioRgifflzacffiab
1314 3291 1737 3436 iintfflesenbffrgil
1759 3236 2018 3420 Ξῗὴέἕῃέ
2043 3293 2125 3419 ἐὴ
2135 3237 2353 3437 {senff}

300 3380 512 3491 29
408 3362 695 3506 patientia
730 3452 798 3491 ex
832 3435 996 3506 patia
1031 3451 1169 3493 corr.
1201 3434 1286 3491 Α*

1860 3542 1921 3596 1·
