2544 3746
633 9 734 66 DE
771 7 1236 66 CONSTANTIA
1271 9 1647 66 SAPIENTIS
1686 9 1939 68 GAP.1s
2215 15 2305 82 43

263 156 580 222 Chaereae
617 159 870 240 contra,
903 157 1162 222 tribuno
1191 156 1504 240 militum,
1523 179 1746 223 ,sermo
1783 179 1918 223 non
1951 179 2071 243 pro
2110 180 2307 224 manu
2342 178 2375 225 3

263 251 427 331 erat,
481 246 833 332 lang-nidus
899 268 1059 312 sono
1124 248 1217 330 et,
1277 245 1348 310 ni
1405 246 1578 312 facta
1620 269 1870 331 nosses,
1934 248 2306 332 suspectior.

261 336 415 402 huic
461 333 658 402 Gaius
705 336 961 422 signum
1007 336 1252 420 petenti
1293 336 1487 400 modo
1516 333 1812 419 Veneris,
1857 336 2051 404 modo
2087 335 2308 424 Priapi

261 426 456 491 dabat
501 425 689 491 aliter
733 429 925 510 atque
972 425 1158 492 aliter
1203 425 1595 510 exprobrans
1642 429 1887 492 armato
1934 426 2307 514 mollitiam3

195 537 222 577 5
260 515 420 581 haec
468 517 608 600 ipse
666 515 1061 600 perlucidae,
1121 514 1512 599 crepidatus,
1565 519 1841 581 auratus.
1933 517 2147 603 coegit
2190 518 2307 582 ita·

259 627 386 690 que
451 605 639 669 illum
701 605 801 670 uti
864 605 1064 688 ferro,
1124 626 1206 668 ne
1269 605 1523 689 saepius
1579 605 1836 691 signum
1880 609 2151 689 peteret.
2197 606 2309 670 ille

255 695 508 779 primus
567 694 736 759 inter
781 695 1148 760 coniuratos
1195 715 1457 759 manum
1506 695 1794 778 sustulit,
1838 693 1949 760 ille
1994 695 2306 761 cervicem

256 783 538 850 mediam
601 806 732 849 uno
797 784 932 849 ictu
996 783 1259 868 decidit3
1320 783 1672 868 plurimum
1738 783 1965 849 deinde
2023 784 2307 869 undique

254 873 550 959 publicas
616 895 691 940 ac
753 874 1035 958 privatas
1097 831 1365 940 iniuiias
1428 873 1874 939 ulciscentium
1944 873 2308 960 gladiorum

165 985 218 1024 ιο
257 965 583 1049 ingestum
635 967 758 1043 est,
819 963 927 1029 sed
988 964 1235 1047 primus
1282 963 1382 1027 vir
1434 962 1588 1046 fuit,
1647 963 1759 1048 qui
1818 963 2085 1029 minime
2130 963 2306 1030 visus

255 1056 370 1118 est.
437 1055 505 1118 at
540 1052 711 1117 idem
741 1050 936 1117 Gaius
976 1053 1194 1117 omnia
1239 1052 1661 1118 contumelias
1707 1053 2003 1138 putabat,
2045 1057 2121 1118 ut
2158 1056 2308 1119 sunt
2342 1070 2375 1117 4

253 1141 663 1208 ferendarum
708 1141 1093 1226 inpatientes
1139 1141 1577 1208 faciendarum
1623 1142 2053 1227 cupidissimi3
2106 1143 2305 1209 iratus

253 1231 382 1296 fuit
426 1229 755 1296 Herennio
815 1230 1034 1297 Macro
1045 1279 1065 1314 ‚
1124 1231 1299 1316 quod
1359 1232 1545 1296 illum
1605 1228 1836 1297 Gaium
1902 1233 2307 1317 salutaverat,

251 1342 374 1386 nec
418 1321 686 1424 impune
732 1322 922 1388 cessit
966 1321 1382 1406 primipilari,
1429 1321 1601 1406 quod
1635 1319 1994 1407 Caligulam
2032 1320 2307 1406 dixerat3

164 1430 216 1470 15
251 1410 382 1476 hoc
426 1410 602 1475 enim
645 1411 714 1475 in
759 1411 986 1476 castris
1030 1414 1220 1477 natus
1259 1414 1324 1476 et
1368 1411 1667 1476 alumnus
1710 1411 2042 1496 legionum
2089 1369 2307 1476 vocari

254 1499 531 1583 solebat,
592 1500 774 1564 nullo
840 1501 1102 1564 nomine
1165 1501 1481 1565 militibus
1546 1500 1927 1564 familiarior
1996 1521 2305 1584 umquam

252 1589 462 1655 factus
474 1637 494 1672 ‚
538 1588 651 1653 sed
696 1588 824 1653 iam
864 1586 1223 1674 Caligulam
1270 1588 1634 1654 convicium
1682 1593 1747 1653 et
1790 1588 2099 1673 probrum
2145 1588 2307 1653 iudi-

251 1677 442 1743 cabat
501 1680 892 1743 coturnatuS.
986 1699 1139 1764 ergo
1194 1677 1322 1744 hoc
1366 1679 1580 1764 ipsum
1628 1678 1869 1744 solacio
1917 1679 2066 1762 erit,
2110 1679 2303 1743 etiam
2343 1694 2374 1741 5

251 1767 311 1831 si
351 1771 580 1834 nostra
622 1768 898 1834 facilitas
945 1768 1261 1833 ultionem
1316 1769 1630 1852 omiserit,
1686 1767 1978 1833 futurum
2024 1767 2304 1852 aliquem

159 1878 216 1917 2⁰
251 1857 366 1941 qui
396 1880 671 1943 poenas
731 1858 949 1943 exigat
1003 1880 1042 1922 a
1096 1879 1367 1941 procace
1414 1861 1478 1922 et
1524 1857 1797 1942 superbo
1855 1860 1920 1922 et
1973 1857 2307 1941 iniuriose,

251 1968 416 2031 quae
460 1947 623 2011 vitia
683 1969 1015 2032 nunquam
1079 1947 1149 2012 in
1209 1969 1343 2011 uno
1407 1947 1670 2012 homine
1722 1950 1789 2012 et
1850 1947 1921 2011 in
1971 1968 2103 2011 una
2156 1967 2304 2013 con-

248 2036 521 2101 tumelia
602 2041 1086 2103 consumuntur.
1196 2036 1615 2121 respiciamus
1697 2058 1921 2101 eorum
1994 2036 2305 2121 exempla,

252 2147 530 2210 quorum
574 2125 913 2193 laudamus
960 2127 1369 2212 patientiam,
1417 2128 1491 2191 ut
1537 2123 1849 2210 Socratis,
1896 2127 2008 2209 qui
2052 2147 2304 2191 comoe-

133 2264 140 2271 .
249 2216 504 2282 diarum
565 2216 927 2302 publicatos
987 2218 1058 2281 in
1115 2239 1183 2283 se
1243 2219 1309 2281 et
1362 2219 1684 2301 spectatos
1730 2216 1893 2282 sales
1940 2215 2010 2280 in
2053 2220 2301 2301 partem

158 2324 214 2365 2⁵
247 2305 490 2370 bonam
537 2307 786 2391 accepit
829 2305 1098 2389 risitque
1142 2327 1279 2370 non
1315 2306 1529 2387 minus
1568 2328 1762 2390 quam
1800 2326 1947 2371 cum
1985 2305 2066 2370 ab
2102 2326 2303 2371 uxore

248 2392 626 2479 Xanthippe
693 2395 1004 2461 inmunda
1075 2416 1244 2479 aqua
1314 2394 1818 2481 perfunderetur.
1929 2392 2303 2459 Antistheni

249 2486 456 2549 mater
517 2483 789 2549 barbara
851 2488 917 2551 et
979 2484 1295 2551 Thraessa
1358 2484 1753 2551 obiciebatur
1761 2508 1782 2569 ·.
1841 2482 2172 2568 respondit
2238 2487 2304 2549 et

249 2572 520 2639 deorum
565 2576 836 2639 matrem
881 2572 1138 2641 Idaeam
1185 2596 1343 2641 esse.

429 2696 465 2751 1
520 2696 715 2752 cherre
774 2696 1143 2769 econtribuno
1189 2696 1275 2753 A²
1330 2696 1558 2781 cherree
1599 2695 1974 2781 [scontribuno
2022 2697 2107 2752 A⁸
2159 2714 2297 2752 corr.

251 2768 420 2824 Gertz
540 2768 578 2823 2
625 2768 946 2839 languidus
969 2768 1056 2825 A⁸
1098 2768 1228 2824 -dos
1264 2768 1349 2824 A¹
1396 2769 1403 2841 Ι
1462 2768 1525 2822 in
1558 2770 1733 2839 pacta
1768 2768 1950 2823 noctis
1987 2768 2301 2838 suspectio

249 2841 394 2895 com’.
505 2846 618 2895 em
678 2839 924 2895 infracta
973 2856 1110 2895 voce
1156 2859 1208 2894 s-
1253 2840 1375 2896 edd.
1417 2848 1547 2897 ante
1558 2786 1743 2896 pFiek.
1794 2840 1815 2911 ΙΙ
1871 2838 1909 2894 8
1952 2840 2122 2896 modo
2171 2849 2299 2897 ant«,

249 2911 444 2981 priapi
470 2928 515 2967 s.
535 2928 583 2967 υ.
613 2912 746 2966 add.
767 2912 852 2968 Δ*
883 2910 906 2985 ΙΙ
939 2910 976 2965 8
1013 2911 1230 2967 decidit
1255 2914 1314 2967 A
1352 2912 1496 2966 disc·
1525 2914 1686 2969 Pinc-
1715 2913 1833 2968 coll.
1864 2911 2013 2968 Suet.
2044 2912 2163 2969 Gal.
2182 2916 2257 2967 58
2244 2910 2303 3039 A}

251 2982 324 3038 11
360 2928 453 3038 Ed
480 2985 538 3040 A
579 2982 588 3055 Ι
627 2983 876 3053 putabat
909 2984 975 3037 ut
1003 2984 1242 3054 Madvig]
1274 2982 1541 3053 (putabat
1566 2986 1683 3039 iam
1710 2985 1924 3050 Muret)
1962 2985 2132 3054 putat
2158 2985 2217 3038 et

250 3056 464 3181 putans
509 3055 577 3109 ut
611 3054 887 3127 Bonyars.
927 3071 996 3111 ex
1031 3067 1066 3110 ς
1110 3054 1357 3125 putabat
1398 3087 1465 3097 --
1509 3056 1570 3110 et
1612 3058 1745 3110 sunt
1782 3001 2040 3123 <fer-e>
2085 3055 2297 3111 ferend.

346 3143 516 3196 ..cup
549 3126 717 3183 Gertz
754 3130 1023 3197 <cum>
1058 3130 1303 3183 contum
1342 3128 1574 3197 putaret
1600 3128 1921 3198 Petschenig
1953 3125 1975 3200 ΙΙ
2010 3124 2082 3182 18
2108 3143 2297 3182 macro

248 3168 390 3254 corr
421 3215 491 3253 ex
523 3214 715 3255 marco
749 3198 1046 3273 fm.A¹1}
1079 3198 1150 3253 16
1187 3198 1816 3269 familiariorllwnquam
1847 3198 1933 3255 A⁸
1952 3202 2021 3269 (2)
2047 3198 2069 3271 ΙΙ
2105 3198 2176 3253 18
2207 3215 2298 3253 co·

249 3268 558 3325 thui-natus
615 3272 773 3326 Pina.
803 3288 874 3327 ex
908 3271 1054 3327 Suet.
1092 3270 1326 3337 0a1.52‚
1364 3271 1459 3326 sed
1504 3272 1605 3339 cfr.
1638 3271 1825 3327 Heme
1860 3270 1938 3325 ad
1974 3272 2125 3339 epist.
2159 3274 2248 3336 76,
2260 3274 2299 3325 8

249 3342 331 3411 (p.
357 3345 486 3409 268,
504 3345 561 3411 7)
591 3340 959 3398 conturbatus
989 3344 1045 3398 A
1079 3342 1101 3415 Η
1136 3341 1208 3396 23
1245 3344 1495 3397 socrates
1523 3345 1579 3398 A
1604 3342 1612 3415 Ι
1659 3337 1733 3398 24
1759 3343 1819 3397 et
1846 3343 2130 3411 spectatos
2156 3312 2295 3412 vol'q.

251 3416 583 3483 expectatos
610 3417 668 3470 A
703 3413 726 3489 ΙΙ
759 3413 828 3471 27
867 3414 1158 3469 ethraessa
1186 3416 1242 3470 A
1280 3432 1417 3471 corr
1448 3431 1517 3469 m.
1546 3418 1586 3471 2
1632 3413 1641 3487 Ι
1674 3413 1747 3469 28
1792 3414 1905 3483 id
1908 3427 2033 3467 eam
2071 3414 2149 3468 A¹
2157 3430 2191 3441 -
