2544 3746
119 1233 184 1280 14

115 1644 181 1692 15

231 89 364 155 250
620 86 680 140 L.
711 84 994 139 ANNAEI
1031 84 1362 141 SENECAE
1400 84 1590 139 DIAL.
1620 86 1753 139 LIB.
1782 84 1875 139 IX.

231 232 776 318 peregrinationes
833 231 1275 314 suscipiuntur
1328 253 1527 317 vagae
1582 234 1648 295 et
1692 230 1738 312 †
1784 231 1853 295 in
1896 232 2091 296 litora
2137 254 2279 315 per-

229 326 523 387 errantur
569 325 634 386 et
679 321 872 385 modo
920 322 1081 385 mari
1119 344 1186 386 se
1224 321 1417 385 modo
1455 326 1625 385 terra
1662 321 1988 404 experitur
2024 342 2281 405 semper

229 411 672 497 praesentibus
730 410 966 479 infesta
1017 411 1264 475 levitas.
1370 410 1387 439 ³
1400 432 1575 477 nune
1630 408 2045 495 Campaniam
2102 415 2279 496 peta-

229 501 416 567 mus?
513 500 642 565 iam
699 500 973 565 delicata
1027 499 1289 565 fastidio
1347 504 1523 565 suut:
1590 500 1865 564 ‘inculta
1917 500 2281 582 videantur,

228 590 520 655 Bruttios
596 593 660 654 et
732 589 1054 655 Lucaniae
1129 590 1331 654 saltus
1408 589 1909 673 persequamur?
2028 588 2278 673 aliquid
2350 613 2374 652 5

227 685 443 744 tamen
479 680 648 744 inter
685 678 935 744 deserta
971 679 1226 744 amoeni
1262 680 1637 763 requiritur,
1683 678 1753 743 in
1789 699 1917 763 quo
1954 678 2279 743 luxuriosi

227 770 398 834 oculi
461 770 659 855 longo
724 770 1016 834 locorum
1071 768 1474 834 horrentium
1532 769 1827 852 squalore
1882 769 2277 834 releventurt

227 858 608 923 ‘Tarentum
655 862 914 943 petatur
956 858 1384 941 laudatusque
1430 863 1655 943 portus
1703 862 1768 923 et
1804 856 2074 922 hiberna
2112 858 2277 923 caeli

226 948 500 1012 mitioris
566 952 630 1012 et
683 948 860 1033 regio
919 948 1023 1011 vel
1077 948 1379 1031 antiquae
1434 948 1590 1012 satis
1651 948 1958 1031 opulenta
2004 946 2276 1011 turbae.'

223 1034 463 1102 *nimis
511 1038 623 1101 diu
660 1060 698 1100 a
733 1038 966 1119 plausu
1012 1040 1078 1101 et
1113 1037 1369 1121 fragore
1408 1058 1591 1101 aures
1628 1040 2048 1119 vacaverunt,
2094 1036 2277 1101 iuvat
2318 1060 2372 1099 ιο

222 1126 351 1191 iam
398 1131 462 1190 et
507 1126 790 1190 humano
840 1127 1150 1211 sanguine
1186 1126 1344 1191 frui:
1389 1126 1599 1191 *Ham
1638 1126 1969 1191 flectamus
2010 1147 2271 1192 cursum

224 1216 303 1280 ad
349 1213 662 1280 urbem.'*
737 1216 910 1279 aliud
957 1238 1038 1279 ex
1083 1215 1210 1280 alio
1258 1217 1381 1280 iter
1418 1216 1766 1299 suscipitur
1802 1220 1867 1281 et
1903 1216 2275 1301 spectacula

223 1306 605 1389 spectaculis
653 1308 1001 1369 mutantur.
1093 1308 1168 1369 ut
1212 1306 1306 1370 ait
1349 1305 1713 1371 Lucretius:

669 1427 776 1481 hoe
815 1443 874 1481 se
913 1426 1150 1495 quisque
1186 1427 1356 1482 modo
1395 1442 1617 1496 semper
1652 1424 1816 1496 fugit.

223 1537 335 1602 sed
384 1536 540 1621 quid
585 1535 878 1622 prodest,
923 1538 980 1601 si
1024 1560 1159 1603 non
1205 1535 1475 1624 effugit?
1567 1537 1860 1621 sequitur
1906 1559 1972 1601 se
2019 1536 2157 1621 ipse
2206 1541 2271 1601 et
2315 1559 2369 1599 ιε

222 1631 411 1712 urget
473 1627 890 1713 gravissimus
950 1648 1180 1693 eomes.
1282 1627 1500 1711 itaque
1557 1626 1719 1692 seire
1776 1626 2079 1691 debemus
2134 1648 2273 1691 non

219 1717 512 1781 locorum
561 1715 791 1781 vitium
840 1738 977 1781 esse
1025 1738 1152 1801 quo
1199 1716 1597 1800 laboramus,
1642 1716 1752 1782 sed
1796 1719 2121 1781 nostrum:
2175 1716 2270 1780 in·

218 1806 388 1870 firmi
436 1828 656 1872 sumus
695 1806 776 1871 ad
815 1828 1002 1871 omne
1038 1805 1475 1890 tolerandum,
1517 1827 1639 1872 nee
1672 1806 1911 1871 laboris
1950 1806 2268 1892 patientes

218 1918 337 1961 nec
380 1897 735 1982 voluptatis
790 1918 911 1963 nee
964 1895 1171 1961 nostri
1224 1917 1344 1961 nec
1396 1897 1591 1961 ullius
1648 1897 1742 1961 rei
1789 1896 2046 1961 diutius,
2138 1896 2267 1961 hoe

220 1985 534 2072 quosdam
593 1987 728 2072 egit
782 1986 863 2051 ad
919 1990 1220 2069 mortem,
1286 1985 1459 2070 quod
1513 1985 1846 2070 proposita
1892 2007 2080 2068 saepe
2128 2008 2266 2050 mu·
2308 2007 2363 2047 πο

219 2075 416 2140 tando
474 2075 542 2139 in
599 2075 820 2141 eadem
874 2076 1373 2141 revolvebantur
1427 2076 1492 2139 et
1535 2096 1670 2139 non
1715 2075 2108 2158 reliquerant
2152 2096 2264 2139 no-

218 2164 404 2229 vitati
467 2165 711 2229 locum:
783 2163 1043 2230 fastidio
1110 2186 1247 2231 esse
1313 2163 1442 2229 illis
1510 2165 1724 2249 eoepit
1787 2164 1921 2229 vita
1995 2168 2061 2229 et
2125 2164 2263 2250 ipse

218 2254 495 2407 mllndu‘?
506 2303 525 2338 ‚
561 2257 627 2318 et
663 2255 838 2320 subit
873 2254 1036 2319 illud
1063 2254 1428 2320 tabidarum
1457 2252 1856 2319 deliciarum:
1895 2254 1913 2284 ‘
1928 2275 2262 2339 quousque

218 2366 294 2408 ea
339 2366 440 2408 em
497 2343 515 2371 '

395 2553 466 2607 14
503 2555 724 2610 Lueret.
753 2556 864 2608 III
897 2557 1038 2610 1066
1074 2555 1306 2624 Brieyer

395 2677 427 2732 1
459 2677 507 2731 ἀ
533 2678 764 2733 inlitora
792 2680 847 2734 A
885 2681 944 2732 et
969 2678 1141 2733 litora
1171 2679 1310 2750 volq.
1352 2680 1410 2733 et
1434 2677 1591 2732 mille
1619 2694 1751 2733 orae
1782 2678 1948 2734 Gertz
1985 2681 2045 2733 et
2072 2679 2261 2734 aliena

216 2749 388 2805 litora
423 2751 732 2819 scripserim
767 2750 886 2806 coll.
917 2751 1068 2819 epist.
1099 2755 1152 2817 4,
1181 2755 1250 2804 11
1290 2756 1341 2805 et
1379 2755 1501 2817 101,
1529 2754 1565 2804 6
1575 2771 1596 2816 ‚·
1634 2751 1779 2804 idem
1806 2753 2101 2819 proposuit
2132 2752 2257 2806 Joh.

216 2822 430 2874 Micller
465 2823 524 2875 et
551 2820 823 2874 ulteriora
850 2821 1124 2876 Schultess
1151 2821 1172 2892 ΙΙ
1207 2821 1244 2875 4
1269 2821 1576 2875 uideantur
1602 2823 1658 2876 A
1686 2822 1941 2875 visantur
1965 2823 2049 2877 vel
2067 2825 2260 2892 potius

216 2890 497 2945 adeantur
523 2893 600 2946 M
597 2893 785 2962 advi9‚
825 2893 923 2962 qm·
953 2893 1020 2946 de
1046 2893 1317 2948 orationis
1341 2893 1525 2959 forma
1551 2899 1602 2947 et
1625 2894 2064 2962 interpunctione
2092 2896 2259 2949 totius

215 2962 322 3016 loci
361 2963 583 3030 primus
629 2970 769 3017 recte
815 2963 1089 3017 iudicavit
1130 2963 1151 3034 ΙΙ
1200 2963 1240 3016 5
1282 2962 1534 3018 lucanies
1579 2970 1642 3018 ut
1675 2965 1786 3019 vid.
1825 2962 1909 3018 A¹
1944 2981 2081 3019 corr.
2120 2963 2207 3021 A*
2237 2965 2260 3037 ΙΙ

213 3032 252 3086 6
286 3031 593 3100 requiritur
621 3034 1256 3090 anetensem-Schmidt
1286 3051 1376 3103 ap.
1407 3035 1764 3104 Madviqium
1798 3035 2123 3104 requiratur
2149 3035 2205 3090 A
2238 3044 2261 3099 ΙΙ

213 3103 250 3157 8
295 3102 608 3171 laudatque
649 3106 706 3160 A
759 3121 897 3159 corr.
939 3106 1074 3175 volq.
1132 3105 1152 3176 Η
1207 3105 1243 3158 9
1295 3106 1451 3175 regio
1493 3106 1717 3160 Fickert
1764 3107 1919 3160 recto
1960 3108 2018 3162 A
2072 3107 2081 3179 Ι
2210 3113 2261 3162 st

214 3173 418 3228 turbae
466 3176 530 3229 in
575 3174 632 3230 A
683 3177 850 3230 verba
900 3182 1092 3231 extant
1143 3175 1259 3230 iam
1315 3175 1607 3232 flectamus
1659 3193 1883 3232 cursum
1934 3177 2010 3232 ad
2058 3195 2129 3232 ur
2168 3192 2258 3234 em

215 3261 355 3313 quae
398 3247 464 3299 in
507 3264 554 3301 v.
587 3251 654 3300 11
697 3253 828 3316 post
874 3247 988 3302 frui
1029 3247 1190 3304 Gertz
1239 3249 1581 3318 transposuit
1588 3291 1606 3322 2
1656 3255 1720 3304 ut
1764 3250 2031 3305 orationis
2072 3251 2258 3318 forma

214 3317 474 3372 instituta
508 3325 816 3375 servaretur
848 3319 875 3403 st
904 3319 976 3375 19
1003 3321 1181 3376 nostri
1208 3321 1293 3377 A¹
1319 3321 1465 3391 quod
1498 3323 1614 3378 iam
1646 3323 1773 3392 ipsa
1808 3340 1878 3378 m.
1911 3328 1943 3377 1
1978 3321 2087 3378 vid.
2118 3339 2254 3380 corr.

216 3389 279 3441 im
313 3391 539 3444 nostrae
582 3390 602 3462 ΙΙ
649 3390 721 3445 23
755 3391 1082 3446 tabidarum
1119 3393 1353 3463 Lipsius
1395 3393 1723 3449 rabidarum
1759 3395 1815 3450 A
1865 3396 1873 3468 Ι
1929 3411 2041 3466 quo
2076 3413 2255 3465 usque

219 3473 288 3511 ea
325 3459 428 3514 dee
456 3461 511 3515 A
548 3464 604 3530 (a
644 3462 746 3516 dee
781 3465 846 3518 in
880 3481 990 3518 ras.
1020 3482 1088 3519 m.
1119 3467 1245 3534 ree.)
