2544 3746
238 66 374 134 200
509 16 514 19 ¹
623 62 685 117 n.
712 60 1000 117 mmm
1031 59 1363 117 emon.
1397 59 1901 117 DIAL.-L1B.V1L

167 227 204 276 4
237 208 396 275 boni
435 206 700 275 veniens
745 201 824 273 ac
865 205 1212 273 recedens?
1279 204 1458 273 hunc
1499 206 1594 271 ita
1634 206 1977 271 fundatum
2020 226 2279 285 necesse

239 303 366 384 eat,
417 297 577 364 velit
627 296 822 381 nolit,
875 299 1183 380 sequatur
1233 294 1528 361 hilaritas
1574 294 1883 361 continua
1926 298 1993 361 et
2033 294 2279 361 laetitia

239 388 373 453 alta
431 390 626 471 atque
683 407 766 451 ex
823 386 957 450 alto
1012 385 1307 469 veniens,
1365 387 1443 451 ιιι
1496 383 1609 468 qui
1662 384 1796 449 suis
1840 385 2119 471 gaudeat
2160 406 2280 451 nec

239 476 488 542 maiora
530 472 902 541 domesticis
942 474 1178 560 cupiat.
1252 472 1481 558 quidni
1512 474 1639 538 ista
1672 474 1837 539 bene
1870 478 2098 559 penset
2131 494 2281 541 cum

237 564 508 630 minutis
568 567 636 629 et
691 561 942 629 frivolis
996 566 1064 628 et
1115 584 1252 627 non
1304 563 1860 647 perseverantibus
1913 563 2281 649 corpusculi
2341 586 2364 628 ι

238 652 568 719 motibus?
666 673 794 736 quo
859 651 964 717 die
1020 651 1191 716 infra
1246 652 1650 736 voluptatem
1706 650 1929 737 fuerit,
1986 656 2054 717 et
2110 652 2281 717 infra

238 742 524 809 dolorem
583 740 734 828 erit3
785 740 965 807 vides
1009 745 1255 824 autem,
1312 761 1507 825 quam
1553 741 1790 806 malam
1833 744 1901 807 et
1942 741 2278 807 noxiosam

237 831 616 899 servitutem
673 830 1028 895 serviturus
1073 830 1185 914 sit,
1229 850 1425 914 quem
1469 830 1835 915 voluptaoes
1879 829 2277 915 doloresque,

237 920 667 987 incertissima
710 919 997 985 dominia
1039 918 1711 1004 inpotentissimaque,
1768 919 2033 985 alternis
2075 920 2280 1005 possi-

164 1025 201 1076 ὅ
239 1009 510 1076 debunt:
565 1030 722 1097 ergo
777 1008 1141 1074 exeundum
1194 1006 1277 1072 ad
1320 1007 1685 1074 libertatem
1730 1012 1845 1074 est.
1932 1008 2103 1074 hanc
2146 1030 2279 1073 non
2316 1032 2367 1072 ιο

144 1646 196 1695 τ1

164 2447 198 2495 3

238 1097 366 1165 alia
417 1118 520 1166 res
563 1097 803 1163 tribuit
858 1119 1052 1182 quam
1096 1096 1398 1162 fortunae
1442 1095 1875 1184 neglegentia.
1926 1099 2069 1163 tum
2116 1097 2278 1163 illud

239 1189 482 1255 orietur
525 1186 992 1265 inaestimabile
1035 1186 1307 1268 bonum,
1353 1186 1535 1270 quies
1572 1186 1806 1251 mentis
1840 1186 1912 1250 in
1945 1190 2091 1252 tuto
2130 1208 2278 1252 con-

235 1277 486 1343 locatae
522 1278 591 1341 et
625 1275 986 1341 sublimitas
1012 1275 1427 1359 expulsisque
1454 1274 1777 1341 erroribus
1801 1296 1884 1339 ex
1910 1275 2279 1361 cognitione

235 1365 374 1434 veri
409 1364 720 1467 gaudium
757 1364 1000 1451 grande
1036 1367 1103 1429 et
1127 1363 1472 1429 immotum
1501 1364 1898 1448 comitasque
1926 1367 1993 1429 et
2019 1363 2277 1430 diffusio

237 1452 462 1538 animi,
526 1451 763 1537 quibus
827 1452 1251 1518 delectabitur
1288 1474 1446 1518 non
1507 1456 1583 1517 ut
1643 1452 1832 1518 bonis
1890 1453 2002 1518 sed
2064 1456 2142 1518 ut
2200 1475 2281 1519 ex
2315 1476 2369 1517 ιε

235 1542 408 1609 bono
455 1562 574 1607 suo
621 1542 798 1606 ortis.

415 1628 495 1696 V.
571 1628 890 1707 Quoniam
934 1628 1285 1695 liberaliter
1324 1649 1511 1716 agere
1547 1628 1761 1715 coepi,
1803 1633 2019 1716 potr-t
2051 1630 2299 1696 beatus

235 1719 364 1785 dici
403 1718 517 1804 qui
549 1740 672 1785 nec
706 1717 887 1804 cupit
919 1740 1041 1784 nec
1075 1718 1262 1783 timet
1294 1718 1607 1786 beneficio
1638 1719 1937 1804 rationis,
1971 1720 2283 1805 quoniam

235 1812 302 1875 et
355 1829 511 1876 saxa
563 1807 796 1875 timore
850 1810 918 1873 et
969 1805 1235 1873 tristitia
1288 1812 1509 1875 carent
1549 1829 1671 1876 nec
1714 1807 1928 1873 minus
1971 1809 2283 1895 pecudes3

235 1919 396 1963 non·
426 1898 572 1964 ideo
635 1902 856 1964 tamen
909 1897 1250 1983 quisquam
1296 1897 1509 1964 felicia
1554 1897 1815 1983 dixerit,
1868 1898 2129 1983 quibus
2144 1921 2281 1966 non
2316 1919 2373 1964 ιο

239 1991 335 2052 est
397 1986 724 2054 felicitatis
783 1987 1166 2053 intellectus.
1254 1986 1481 2053 eodem
1541 1988 1689 2054 loco
1742 2009 1913 2073 pone
1966 1986 2283 2072 homines,

239 2098 402 2161 quos
476 2076 547 2142 in
615 2098 956 2142 numerum
1028 2097 1335 2179 pecorum
1394 2079 1461 2142 et
1520 2076 1970 2142 manimalium
2029 2076 2283 2164 redegit

236 2165 432 2232 hebes
477 2169 711 2231 natura
753 2170 821 2232 et
863 2165 1186 2252 ignoratio
1233 2165 1353 2231 sui.
1423 2165 1604 2232 nihil
1634 2166 1901 2232 interest
1943 2165 2113 2233 inter
2155 2166 2280 2233 hos

237 2259 304 2320 et
348 2255 490 2340 illa,
534 2254 842 2340 quoniam
876 2254 1008 2320 illis
1041 2255 1224 2320 nulla
1256 2255 1423 2320 ratio
1461 2259 1586 2340 est,
1628 2254 1733 2320 his
1767 2277 1970 2358 prava
2003 2260 2070 2322 et
2104 2257 2279 2322 malo

238 2365 356 2409 suo
403 2347 596 2428 atque
640 2344 712 2408 in
746 2365 1118 2428 perversum
1153 2343 1408 2428 sollers3
1450 2344 1678 2410 beatus
1716 2343 1887 2409 enim
1924 2344 2052 2411 dici
2084 2367 2281 2410 nemo
2317 2365 2372 2406 ιε

238 2435 456 2517 potest
513 2437 694 2498 extra
750 2433 1083 2498 veritatem
1137 2432 1479 2519 proiectus.
1568 2433 1757 2498 beata
1800 2454 1955 2520 ergo
2000 2433 2139 2498 vita
2174 2429 2284 2500 'est

238 2524 306 2587 in
350 2525 528 2588 recto
575 2525 876 2607 certoque
921 2521 1158 2588 iudicio
1205 2521 1492 2588 stabilita
1535 2525 1601 2587 et
1634 2521 2050 2588 inmutabilis.
2121 2527 2283 2590 tunc

237 2611 410 2676 enim
471 2632 634 2695 pura
691 2631 872 2676 mens
929 2614 1028 2676 est
1085 2613 1150 2676 et
1212 2612 1428 2677 soluta
1485 2611 1785 2677 omnibus
1840 2610 2056 2695 malis,
2114 2633 2283 2696 quae

235 2720 373 2766 non
405 2703 662 2766 tantum
688 2699 1105 2766 lacerationes
1134 2699 1246 2765 sed
1275 2700 1470 2766 etiam
1497 2699 1935 2766 vellicationes
1962 2700 2285 2787 effugerit,

418 2855 452 2911 1
489 2856 682 2912 hunc.
757 2859 866 2912 ,ut
901 2855 1000 2926 qui
1033 2856 1198 2913 Gertz
1231 2855 1383 2912 hoc.
1461 2858 1571 2914 ‚ut
1605 2873 1753 2926 quae
1787 2858 1844 2915 A
1886 2856 1897 2930 Ι
1958 2856 2027 2913 11
2062 2855 2285 2913 tribuet

243 2926 407 2982 Gertz
447 2927 455 3000 Ι
496 2927 874 2998 neglegentia.
901 2874 996 2985 qtu
1019 2928 1107 2983 A‘
1138 2926 1161 3000 ΙΙ
1196 2927 1267 2983 12
1296 2874 1645 2984 collocataeq
1632 2930 1769 3001 volq.
1799 2944 1865 2983 eo
1928 2929 2111 2984 ocata.
2141 2927 2228 2986 A²
2262 2928 2287 3002 ΙΙ

240 2996 311 3053 18
348 2997 629 3053 erroribus
655 3000 970 3055 Pinciaoms
1003 2996 1313 3054 terroribus
1338 3001 1396 3055 A
1421 2999 1444 3072 ΙΙ
1477 2998 1549 3057 18
1575 3000 1644 3055 de
1667 3016 1777 3056 usu
2141 3016 2284 3070 quo·

239 3069 395 3122 niam
431 3070 532 3136 cfr.
563 3085 704 3140 quae
739 3070 1045 3139 disputavit
1080 3070 1245 3126 G‘ertz
1278 3071 1801 3140 stud.crit.p.124
1835 3077 1889 3127 et
1920 3071 2045 3126 Joh.
2067 3071 2286 3127 Malles·

239 3140 304 3194 in
339 3141 480 3195 actis
505 3140 1116 3197 Aead.Vindob.1894
1154 3141 1388 3196 CXXX
1408 3159 1471 3212 p.
1500 3145 1537 3197 5
1578 3141 1601 3214 ΙΙ
1647 3140 1720 3198 19
1763 3144 1823 3197 et
1864 3141 2103 3197 tristitia
2137 3141 2284 3226 woly.

241 3225 346 3264 nec
381 3209 620 3265 tristitia
645 3211 730 3267 A¹
764 3213 909 3268 inter
943 3229 1084 3282 quae
1109 3213 1287 3268 verba
1318 3229 1362 3268 s.
1390 3230 1441 3269 v.
1478 3217 1519 3266 fi
1552 3213 1683 3269 add.
1710 3231 1781 3268 m.
1810 3229 1996 3269 reeens
2026 3211 2051 3286 ΙΙ
2082 3211 2158 3268 22
2192 3213 2284 3270 in-

242 3279 575 3334 animalium
603 3282 972 3338 Reitzenstein
1007 3282 1339 3338 animalium
1366 3285 1424 3339 A
1456 3283 1479 3356 ΙΙ
1511 3282 1584 3339 28
1618 3283 1901 3369 ignoratio
1929 3283 2014 3340 A¹
2046 3300 2187 3340 corr.
2214 3301 2285 3340 m

241 3349 566 3419 ignorantia
593 3352 679 3406 A⁶
710 3352 807 3408 sed
841 3354 1071 3409 alteram
1108 3370 1144 3408 a
1171 3371 1240 3410 ex
1265 3371 1301 3410 o
1336 3371 1473 3411 corr.
1499 3356 1611 3412 vid.
1638 3357 1756 3412 iam
1780 3373 1851 3412 m.
1883 3361 1916 3412 1
1950 3355 1959 3428 Ι
2004 3354 2079 3410 25
2112 3355 2284 3412 verba

243 3418 486 3475 beatus.
563 3424 796 3491 ,potest
821 3424 906 3478 A⁶
930 3441 995 3480 m
1019 3442 1131 3480 ras.
1159 3427 1406 3496 scripsit,
1434 3444 1503 3483 m.
1532 3433 1565 3482 1
1604 3429 1882 3498 scripura
1902 3444 1953 3497 p
2010 3443 2079 3483 ne
2113 3443 2281 3485 erasa
