2544 3746
243 106 378 173 326
637 104 701 159 L.
728 102 1016 163 ANNAEI
1049 102 1383 160 SENECAE
1418 103 1610 161 DIAL.
1636 102 1776 160 LIB.
1802 102 1897 159 XI.

242 249 500 336 iustior,
559 249 674 335 qui
727 250 1032 318 nuntiata
1089 249 1214 315 fflii
1271 253 1483 316 morte
1538 249 1803 337 dignam
1858 270 2095 337 magno
2150 248 2287 316 viro

242 361 468 407 vocem
515 339 755 406 emisit.
803 339 954 427 ego
1002 360 1152 406 oum
1198 340 1425 427 genui,
1466 342 1611 405 tum
1656 340 2047 405 moriturum
2090 338 2289 406 scivi?

241 450 508 517 prorsus
562 451 699 495 non
751 428 1003 495 mireris
1059 450 1142 496 ex
1192 429 1322 497 hoo
1376 433 1607 495 natum
1652 450 1818 515 esse,
1874 430 1991 514 qui
2035 428 2291 499 fortiter

243 519 412 586 mori
467 523 706 603 posset.
796 541 931 585 non
986 520 1242 603 aceepit
1300 522 1635 623 tamquam
1686 540 1935 586 novum
1987 519 2293 585 nuntium

242 609 364 673 filii
409 612 712 692 mortem3
757 607 913 692 quid
961 608 1133 673 enim
1171 612 1270 674 est
1304 610 1461 674 novi
1496 607 1832 674 hominem
1866 609 2065 693 mori,
2108 608 2291 674 euius
2354 628 2379 669 ι

241 701 384 764 tota
425 697 566 763 vita
607 697 777 763 nihil
821 697 998 763 aliud
1046 719 1242 782 quam
1290 698 1374 763 ad
1419 702 1696 764 mortem
1741 698 1866 765 iter
1911 697 2055 763 est?
2138 697 2290 785 ‘ego

174 806 208 856 3
244 809 394 854 oum
439 788 665 874 genui,
710 790 853 853 tum
900 787 1289 853 moriturum
1327 788 1505 853 scivi.
1509 786 1531 817 '
1622 786 1850 854 deinde
1887 786 2124 854 adiecit
2154 808 2295 853 rem

243 876 506 944 maioris
560 880 628 943 et
679 875 1059 962 prudentiae
1113 881 1181 944 et
1234 876 1461 943 animi.
1516 876 1616 943 et
1666 876 1824 943 huie
1874 877 1974 943 rei
2018 875 2294 943 sustuli?

246 988 468 1033 omnes
513 966 670 1033 huie
711 966 807 1033 rei
851 966 1171 1051 tollimur3
1217 966 1513 1052 quisquis
1559 967 1643 1032 ad
1689 966 1891 1033 vitam
1927 965 2170 1051 editur,
2212 966 2296 1031 ad

244 1059 521 1122 mortem
568 1055 945 1122 destinatur.
1035 1055 1433 1143 gaudeamus
1477 1076 1620 1141 erqo
1656 1078 1764 1141 eo,-
1808 1056 1985 1141 quod
2021 1054 2295 1141 dabitur,
2332 1075 2385 1116 ιο
2509 1078 2510 1081 “

244 1145 713 1231 reddamusque
758 1143 855 1230 id,
899 1166 1048 1211 oum
1093 1167 1533 1249 reposoemur:
1579 1146 1781 1213 alium
1826 1145 1957 1212 alio
2001 1148 2297 1230 tempore

243 1234 382 1305 fata
444 1234 1018 1320 comprehendent,
1078 1236 1408 1301 neminem
1471 1236 1931 1322 praeteribunt.
2025 1234 2097 1301 in
2148 1256 2299 1321 pre.

246 1324 464 1392 oinetu
524 1328 653 1392 stet
709 1324 964 1391 animus
1025 1328 1092 1390 et
1143 1324 1210 1395 id
1268 1325 1445 1409 quod
1488 1345 1751 1392 neeesse
1794 1328 1895 1391 est
1938 1346 2299 1409 numquam

175 1432 211 1482 4
236 1414 497 1498 timeat,
535 1414 711 1499 quod
745 1414 1064 1481 insertum
1103 1417 1203 1480 est
1229 1435 1484 1500 semper
1511 1417 1825 1499 expectet.
1900 1413 2058 1499 quid
2087 1414 2301 1490 dinam

246 1503 441 1570 duces
489 1502 856 1588 ducumque
901 1503 1280 1590 progeniem
1326 1508 1393 1569 et
1437 1504 1660 1570 multis
1698 1508 1813 1569 aut
1850 1503 2301 1569 consulatibus
2340 1522 2391 1563 ιε

247 1592 630 1678 conspicuos
686 1596 800 1657 aut
851 1592 1198 1677 triumphis
1256 1595 1431 1659 sorte
1486 1592 1827 1670 defunctos
1872 1591 2303 1658 inexorabili?

245 1685 408 1749 tota
465 1702 613 1748 eum
687 1682 950 1769 regibus
1017 1704 1220 1769 regna
1286 1682 1645 1768 populique
1713 1703 1869 1749 oum
1926 1670 2304 1769 regentibus

245 1771 451 1839 tulere
505 1770 713 1837 fatum
768 1792 987 1838 suum:
1041 1792 1291 1856 omnes,
1346 1772 1547 1837 immo
1584 1771 1823 1838 omnia
1874 1770 1948 1837 in
1990 1770 2305 1837 ultimum

201 1937 204 1940 Δ
247 1860 419 1928 diem
465 1864 776 1948 spectant.
866 1883 1004 1928 non
1047 1860 1219 1928 idem
1264 1860 1584 1928 universis
1629 1861 1781 1929 finis
1817 1864 1945 1928 est.
1991 1860 2249 1927 alium
2229 1883 2309 1926 ιιι

246 1951 458 2018 medio
505 1972 699 2019 eursu
743 1950 879 2017 vita
916 1951 1179 2036 deserit,
1223 1950 1482 2017 alium*
1463 1973 1533 2017 m
1568 1951 1711 2038 ipso
1750 1950 1932 2018 aditu
1970 1951 2311 2036 relinquit,
2346 1970 2400 2010 ιο

246 2040 447 2108 alium
510 2041 581 2106 in
643 2043 931 2106 extrema
993 2044 1325 2108 senestute
1388 2041 1738 2128 fatigatum
1802 2041 1931 2107 iam
1997 2045 2063 2108 et
2124 2040 2312 2107 exire

249 2131 616 2222 cupientem
660 2131 774 2196 vix
808 2129 1076 2216 emittit3
1122 2130 1251 2197 alio
1292 2131 1554 2216 quidem
1590 2135 1787 2216 atque
1823 2130 1953 2197 alio
1989 2135 2315 2217 tempore,

235 2241 470 2288 omnes
506 2217 780 2287 tamen
760 2243 832 2286 ιιι
867 2220 1142 2287 eundem
1169 2221 1393 2288 locum
1418 2220 1774 2306 tendimus3
1808 2224 2115 2287 utrumne
2144 2221 2313 2287 stul-

246 2309 377 2377 tius
439 2309 524 2376 sit
574 2309 794 2377 neseio
851 2310 1266 2377 mortalitatis
1321 2311 1535 2398 legem
1588 2310 1919 2398 ignorare,
1976 2332 2063 2376 an
2114 2310 2313 2414 inpu-

122 2464 126 2469 .
177 2417 210 2466 5
247 2399 504 2465 dentius
547 2420 858 2466 recusare.
951 2398 1228 2486 agedum
1272 2399 1417 2485 illa,
1462 2421 1627 2486 quae
1671 2400 1939 2466 multo’
1919 2394 2169 2486 mgenii
2202 2399 2315 2465 tui
2351 2416 2407 2458 ’ὅ

244 2489 468 2555 labore
514 2489 836 2555 celebrata
880 2494 1061 2574 sunt,
1114 2489 1184 2555 in
1230 2510 1461 2555 manus
1506 2510 1689 2556 sume
1734 2487 2109 2556 utriuslibet
2156 2509 2315 2554 auo-

245 2579 407 2644 toris
454 2577 765 2662 earmina,
813 2600 977 2664 quae
1013 2583 1088 2644 ιιι
1124 2578 1219 2645 ita
1253 2578 1607 2662 resolvisti,
1650 2581 1727 2644 ut
1764 2577 2060 2662 quamvis
2097 2581 2316 2645 struc-

245 2671 393 2735 tura
437 2667 700 2743 illorum
745 2669 1108 2753 recesserit,
1152 2671 1531 2772 permaneat
1574 2671 1794 2735 tamen
1834 2667 2045 2756 gratia
2082 2705 2171 2716 —
2209 2667 2317 2733 sic

247 2755 420 2824 enim
464 2757 580 2824 illa
625 2780 705 2824 ex
750 2758 878 2824 alia
911 2758 1192 2852 lingua
1174 2781 1245 2824 m
1281 2758 1477 2824 aliam
1512 2757 1931 2842 transtulisti,
1976 2760 2079 2842 ut,
2126 2757 2319 2842 quod
2414 2793 2427 2802 ·

424 2931 526 3005 2]ss
561 2950 748 2990 versus
786 2941 866 2990 est
899 2933 1086 2990 Enmii
1120 2951 1149 2991 e
1191 2934 1485 2990 Telamone
1528 2939 1810 3004 sumpme,·
1856 2933 2097 2988 Vahlen:
2136 2930 2315 2988 Ena.

238 3020 388 3075 poss.
415 3002 544 3060 rel.⁸
573 3022 633 3075 p.
663 3011 770 3062 177
806 3007 885 3061 II
913 3007 981 3076 (υ.
1010 3008 1134 3077 312)
1172 3005 1275 3074 eft.
1311 3005 1425 3062 Cic.
1460 3005 1682 3062 Τιιεοιιῖ.
1710 3005 1823 3060 111
1850 3003 1893 3077 5
1917 3007 1993 3061 23

425 3130 462 3185 2
497 3130 798 3186 morituros
834 3130 1032 3187 demde
1077 3130 1132 3186 ei
1168 3130 1251 3186 rei
1290 3128 1496 3185 sustuli
1523 3130 1755 3186 Ennius
1796 3128 1804 3201 1
1862 3127 1899 3184 5
1936 3128 2087 3184 enim
2124 3131 2213 3185 est
2244 3129 2316 3184 Β

249 3203 336 3256 est
369 3201 522 3256 enim
560 3201 608 3258 0
647 3202 654 3274 Ι
715 3203 744 3258 7
776 3209 906 3272 post
939 3201 1114 3272 genui
1154 3201 1319 3257 Gertz
1354 3201 1544 3271 inquit
1577 3203 1729 3258 inser
1876 3217 1929 3256 m
1964 3207 2171 3268 censet,
2204 3201 2317 3256 sod

249 3272 351 3338 cfr.
379 3272 456 3327 ad
481 3267 624 3327 dial.
717 3275 868 3339 5,11
909 3271 916 3343 Ι
956 3273 1295 3327 moriturum
1324 3273 1372 3329 G
1403 3273 1707 3328 morituros
1734 3272 1791 3327 B
1824 3272 1831 3345 Ι
1867 3288 1988 3328 rem
2022 3272 2069 3329 O
2100 3287 2315 3327 vocem

249 3342 412 3397 malit
447 3341 613 3397 Gertz
654 3341 676 3414 ΙΙ
724 3343 796 3397 10
841 3359 974 3412 ergo
1022 3359 1088 3398 eo
1126 3343 1383 3400 Eraem.¹
1420 3360 1553 3414 ergo
1592 3344 1718 3400 Pal.
1746 3347 1802 3399 2
1826 3343 2055 3400 Gruter-i
2089 3357 2158 3398 eo
2200 3343 2257 3398 O
2293 3343 2319 3414 ΙΙ

250 3409 320 3464 17
359 3427 487 3465 oum
519 3427 582 3465 re
623 3385 847 3468 entibus
883 3413 1077 3471 Haase
1114 3414 1295 3483 (osv-‚e
1265 3431 1347 3484 ομ
1378 3418 1467 3484 69,
1494 3421 1532 3472 7
1567 3432 1627 3486 p.
1657 3420 1784 3484 176,
1809 3418 1907 3484 23)
1950 3430 2081 3469 oum
2117 3413 2317 3485 genti-

252 3478 358 3534 bus
400 3481 447 3535 O
479 3480 501 3552 ΙΙ
637 3482 703 3547 ιιι
735 3499 938 3538 manus
976 3485 1024 3541 G
1056 3488 1272 3540 'imanu-
1288 3486 1345 3541 B
