2544 3746
143 1071 198 1111 10

711 97 812 151 AD
852 96 1206 152 SERENVM
1243 96 1342 151 DE
1382 95 1553 153 OTIO
1592 95 1747 151 CAP.
1778 104 1811 151 ὅ
2152 99 2281 165 237

233 249 368 309 tem
414 243 601 331 signa
644 242 1000 327 perducens
1045 244 1295 308 nullam
1339 265 1475 309 non
1519 245 1771 328 partem
1816 244 1918 310 sui
1960 242 2286 327 explicuit,

233 338 312 399 ut
368 356 485 419 per
540 332 730 417 haec,
784 354 950 416 quae
1003 332 1332 417 optulerat
1389 332 1595 399 oculis
1643 332 1811 416 eius,
1866 332 2288 419 cupiditatem

232 422 476 489 faceret
533 422 729 488 etiam
790 426 1164 488 ceterorum.
1258 443 1381 487 nec
1436 421 1609 488 enim
1664 421 1882 487 omnia
1934 444 2055 488 nee
2107 426 2291 487 tanta
2325 437 2359 486 5

233 512 504 578 visimus
561 513 804 596 quanta
849 514 1030 593 sunt,
1087 512 1199 576 sed
1255 511 1424 577 acies
1478 515 1703 577 nostra
1757 511 1964 597 aperit
2015 511 2142 578 sibi
2194 512 2290 577 in-

234 600 598 689 vestigandi
643 600 815 665 viam
861 603 936 666 et
970 599 1393 667 fundamenta
1427 623 1580 667 vero
1616 599 1797 685 iacit,
1841 605 1918 666 ut
1952 600 2289 687 inquisitio

237 694 527 757 transeat
576 712 658 755 ex
701 690 940 774 apertis
987 689 1058 755 in
1117 690 1393 757 obscura
1451 694 1515 755 et
1562 690 1809 775 aliquid
1855 691 1999 775 ipso
2047 690 2289 759 mundo

235 780 524 845 inveniat
592 779 949 863 antiquius:
1011 779 1202 845 unde
1276 781 1403 845 ista
1489 780 1701 846 sidera
1772 780 2080 865 exierint3.
2145 780 2290 865 quis

235 869 434 934 fuerit
514 867 800 935 universi
880 872 1114 953 status,
1198 874 1549 954 antequam
1622 870 1725 935 sin
1840 892 1879 934 a
1941 870 2025 934 in·
2074 874 2291 955 partes

237 958 666 1044 discederent3
736 980 900 1043 quae
972 959 1139 1023 ratio
1209 981 1422 1024 mersa
1483 962 1561 1041 et·
1612 980 1738 1025 con
1766 981 1883 1025 usa
1942 958 2292 1042 diduxerit3

237 1047 385 1133 quis
456 1048 604 1115 loca
672 1048 866 1115 rebus
939 1048 1405 1134 adsignaverit,
1477 1052 1703 1133 suapte
1771 1052 2006 1114 natura
2068 1048 2293 1135 gravia

236 1136 710 1221 descenderint,
763 1136 1161 1203 evolaverint
1203 1138 1399 1221 levia,
1446 1156 1531 1203 an
1573 1142 1829 1222 praeter
1870 1138 2087 1204 nisum
2133 1159 2293 1223 pon·

237 1226 486 1312 dusque
523 1248 869 1312 corporum
898 1227 1091 1292 altior
1119 1228 1339 1311 aliqua
1364 1228 1463 1291 vis
1489 1226 1703 1314 legem
1730 1228 2005 1314 singulis
2033 1227 2295 1311 dixerit3

238 1338 324 1381 an
394 1316 559 1382 illud
623 1339 845 1383 verum
911 1317 1024 1401 sit,
1089 1338 1216 1401 quo
1282 1316 1560 1383 maxime
1623 1318 1936 1401 probatur
1996 1316 2292 1385 homines

239 1406 443 1471 divini
480 1426 618 1471 esse
655 1405 951 1491 spiritus,
987 1411 1240 1489 partem
1280 1429 1357 1473 ac
1393 1407 1595 1472 veluti
1632 1406 1946 1473 scintillas
1982 1406 2293 1491 quasdam

173 1516 198 1556 5
239 1498 562 1561 astrorum
595 1493 670 1560 in
704 1501 942 1561 terram
981 1496 1318 1561 desiluisse
1345 1500 1550 1580 atque
1580 1496 1790 1562 alieno
1816 1496 1964 1562 loco
1991 1495 2292 1562 haesisse.

238 1583 551 1670 cogitatio
611 1588 835 1650 nostra
893 1586 1053 1649 caeli
1111 1587 1511 1651 munimenta
1564 1586 1926 1670 perrumpit
1978 1607 2099 1651 nec
2144 1607 2294 1651 con·
2330 1597 2363 1646 6

238 1676 422 1738 tenta
489 1676 588 1739 est
656 1673 749 1757 id,
821 1674 994 1758 quod
1065 1674 1455 1759 ostenditur,
1528 1676 1720 1741 scire:
1793 1673 2016 1739 ‘illud'
2078 1675 2299 1758 inquit.

241 1763 549 1848 ‘scrutor,
598 1762 774 1849 quod
817 1766 990 1829 ultra
1034 1764 1350 1829 mundum
1396 1765 1591 1847 iacet,
1635 1769 1936 1830 utrumne
1972 1764 2295 1848 profunda

239 1852 509 1918 vastitas
575 1853 662 1919 sit
717 1876 801 1918 an
855 1857 920 1920 et
979 1854 1104 1920 hoc
1158 1853 1376 1939 ipsum
1430 1854 1723 1920 terminis
1780 1855 1913 1920 suis
1970 1853 2294 1937 cludatur3

241 1943 452 2026 qualis
513 1943 601 2009 sit
657 1942 918 2009 habitus
975 1945 1283 2027 exclusis,
1344 1944 1647 2010 informia
1701 1948 1766 2009 et
1821 1943 2091 2010 confusa
2146 1945 2293 2026 sint,

241 2032 313 2097 in
377 2053 635 2097 omnem
698 2037 950 2117 partem
1012 2033 1395 2098 tantundem
1458 2033 1589 2098 loci
1645 2033 2032 2118 optinentia,
2090 2056 2175 2098 an
2228 2036 2295 2098 et

239 2121 358 2186 illa
400 2120 472 2187 in
517 2121 800 2206 aliquem
847 2122 1096 2188 cultum
1144 2122 1455 2207 discripta
1501 2123 1659 2206 sint3
1711 2122 1865 2188 huic
1910 2122 2295 2188 cohaereant

241 2209 514 2294 mundo,
573 2233 658 2276 an
719 2211 914 2297 longe
949 2211 1055 2293 ‚ab
1115 2212 1243 2277 hoc
1290 2211 1667 2277 secesserint
1712 2215 1777 2277 et
1820 2211 1929 2278 hic
1973 2212 2044 2277 in
2088 2233 2292 2278 vacuo

241 2300 644 2383 volutentur3
717 2301 1051 2365 individua
1125 2301 1282 2384 sint,
1356 2324 1474 2387 per
1537 2323 1701 2386 quae
1766 2303 2039 2367 struitur
2102 2323 2293 2367 omne

145 2411 174 2450 ε
244 2387 421 2473 quod
471 2392 699 2454 natum
753 2391 1175 2474 futurumque
1231 2395 1355 2472 est,
1411 2413 1496 2456 an
1540 2390 1849 2456 continua
1893 2413 2116 2456 eorum
2162 2413 2293 2455 ma-

241 2478 408 2544 teria
453 2479 540 2546 sit
584 2482 650 2545 et
692 2500 810 2563 per
853 2482 1068 2544 totum
1106 2479 1465 2564 mutabilis;
1509 2484 1730 2545 utrum
1768 2480 2090 2546 contraria
2125 2481 2295 2545 inter

244 2589 316 2634 se
362 2567 679 2634 elementa
723 2567 883 2652 sint,
926 2590 1011 2633 an
1054 2590 1190 2634 non
1223 2573 1521 2655 pugnent
1557 2569 1670 2635 sed
1704 2591 1822 2654 per
1856 2569 2109 2635 diversa
2143 2591 2293 2635 con-

424 2759 459 2815 1
512 2761 828 2830 perducens
881 2780 1030 2819 unus
1078 2776 1114 2818 ς
1165 2765 1230 2818 in
1278 2780 1453 2834 niam.
1508 2763 1821 2833 perducent
1865 2767 1922 2820 A
1975 2767 2293 2835 producens

258 2832 546 2888 Wesenber
639 2832 660 2906 Η
721 2832 758 2888 2
812 2834 1131 2904 cupiditate
1177 2835 1233 2890 A
1296 2834 1318 2907 n
1379 2834 1416 2889 8
1470 2837 1784 2891 ceterorum
1834 2838 1890 2891 A
1942 2842 2293 2894 secretorum

247 2903 502 2960 Eussner
535 2904 544 2976 Ι
593 2904 624 2960 7
660 2903 962 2960 inueniant
987 2909 1044 2962 A
1081 2907 1094 2978 1
1136 2907 1326 2963 sidera
1362 2907 1675 2963 deleverunt
1703 2909 1896 2964 Haase
1924 2917 1976 2964 et
2004 2911 2242 2982 Madviy
2273 2913 2296 2987 ΙΙ

245 2975 287 3030 9
321 2974 680 3032 discederent
705 2989 740 3031 s
776 2977 1184 3034 descenderent
1210 2979 1266 3034 A
1307 2978 1316 3051 Ι
1358 2994 1544 3034 mersa
1570 2981 1627 3034 A
1668 2979 1840 3034 mista
1875 2982 2037 3036 malit
2076 2983 2240 3038 Gertz
2272 2989 2295 3046 ιΙ

249 3046 321 3102 11
357 3046 544 3102 nisum
573 3049 768 3104 Mur-et
799 3049 987 3104 uisum
1016 3050 1075 3104 A
1102 3049 1137 3175 {l
1183 3050 1254 3106 15
1292 3052 1572 3105 astrorum
1599 3052 1834 3119 Lipsius
1869 3067 2155 3108 sacrorum
2183 3054 2239 3109 A
2280 3055 2288 3124 Ι

246 3117 536 3174 resiluisse
571 3119 627 3174 A
678 3136 814 3175 eon.
852 3122 992 3192 0019.
1031 3119 1053 3194 ΙΙ
1136 3121 1174 3176 8
1211 3121 1368 3176 ultra
1407 3122 1497 3178 vol
1535 3166 1546 3178 .
1588 3122 1742 3176 intra
1781 3125 1838 3178 A
1877 3123 1899 3196 Η
1941 3123 2014 3178 20
2048 3123 2293 3181 informa

248 3191 307 3245 A
349 3192 356 3262 Ι
399 3190 539 3258 sint,
577 3190 638 3244 in
666 3191 906 3262 Madviq
941 3193 1169 3247 sint'an
1205 3194 1265 3247 in
1294 3195 1353 3249 A
1386 3192 1408 3266 ΙΙ
1443 3139 1647 3248 2891110
1682 3195 1829 3264 quod
1853 3195 1941 3250 vol
1976 3197 2293 3268 oabieitwr,

249 3261 384 3317 bene
435 3261 684 3330 defendit
737 3263 809 3318 Ε.
860 3265 1098 3320 Thomas
1152 3265 1367 3348 (Herm.
1409 3265 1704 3320 XXVIII
1736 3283 1797 3335 p.
1826 3269 1935 3322 283
1966 3285 1997 3333 ‚⁶
2041 3270 2148 3323 alii
2198 3268 2293 3324 hic

176 3391 188 3402 ,
247 3339 470 3388 mutant
509 3335 575 3388 in
618 3334 702 3388 sic
744 3336 829 3390 vel
872 3333 992 3390 illic
1031 3337 1116 3391 vel
1150 3353 1173 3390 1
1213 3351 1276 3390 so
1350 3335 1623 3392 Schultess
1666 3340 1805 3392 coni.
1851 3337 2017 3393 hiatu
2062 3355 2238 3395 vacuo
2272 3341 2294 3413 Ιξ

248 3401 324 3458 24
355 3410 481 3472 post
513 3404 811 3460 individua
845 3406 1110 3462 maesse
1201 3377 1371 3464 ηιὲεο
1404 3408 1515 3464 via.
1554 3407 1938 3464 immutabilia
1975 3410 2093 3466 ωτι.
2124 3411 2290 3482 Dioq.

251 3474 442 3532 Μαι.
472 3479 533 3531 x
559 3481 633 3532 54
665 3476 689 3550 η
710 3475 794 3534 «27
830 3480 1051 3550 pugnet
1075 3480 1132 3535 A
