2544 3746
170 1060 224 1100 10

171 1505 222 1546 15

315 91 419 146 AD
449 88 801 145 SERENVM
828 88 927 143 DE
956 59 1600 155 TRANQVILLITATE
1628 88 1845 143 ΑΝιΜι
1874 88 2027 143 CAP.
2060 94 2091 143 a
2174 91 2302 157 251

441 234 555 302 ΙΠ.
627 233 955 301 Adversus
1027 234 1154 300 hoc
1225 232 1507 300 taedium
1585 256 1713 318 quo
1779 233 2018 300 auxilio
2084 238 2306 317 putem
2347 252 2374 300 1

263 326 576 392 utendum
623 324 892 409 quaeris.
975 327 1317 408 optumum
1365 328 1536 407 erat,
1578 327 1653 387 ut
1698 323 1788 388 ait
1831 322 2308 408 Athenodorus,

155 466 160 473 .
263 415 516 481 actione
577 436 794 481 rerum
859 416 926 479 et
985 413 1080 479 rei
1143 412 1443 497 publicae
1504 412 1887 479 tractatione
1953 417 2019 478 et
2074 412 2307 478 officiis

262 504 561 571 civilibus
609 526 676 569 ne
724 503 1020 568 detinere.
1093 524 1246 567 nam
1292 505 1367 568 ut
1414 501 1674 587 quidam
1721 503 1859 567 sole
1905 506 2097 587 atque
2135 524 2307 567 exer-

263 593 570 661 citatione
645 596 711 658 et
765 613 920 658 cura
987 592 1279 676 corporis
1340 590 1511 656 diem
1572 590 1853 657 educunt
1920 591 2308 675 athletisque

260 684 457 769 longe
510 682 931 747 utilissimum
986 686 1086 747 est
1141 682 1418 747 lacertos
1475 702 1625 746 suos
1680 680 2031 765 roburque,
2088 680 2193 746 cui
2240 702 2308 747 se

261 772 376 837 uni
448 771 850 854 dicaverunt,
923 770 1165 835 maiore
1236 769 1548 854 temporis
1626 773 1808 853 parte
1871 769 2143 853 nutrire,
2216 770 2310 834 ita

261 860 444 927 vobis
501 861 790 926 animum
837 859 918 924 ad
962 882 1177 925 rerum
1226 858 1519 925 civilium
1566 862 1887 924 certamen
1932 858 2306 943 parantibus

260 950 332 1015 in
386 970 579 1035 opere
625 972 762 1015 esse
808 970 938 1014 uno
983 950 1180 1035 longe
1226 947 1733 1033 pulcherrimum
1780 952 1903 1032 est3
1959 970 2109 1013 nam
2158 968 2305 1013 cum

260 1040 490 1105 utilem
560 1060 628 1104 se
696 1037 950 1103 efficere
1017 1037 1266 1103 civibus
1330 1036 1838 1120 mortalibusque
1891 1037 2307 1139 propositum

259 1128 521 1211 habeat,
585 1128 780 1193 simul
834 1130 900 1193 et
954 1129 1285 1192 exercetur
1339 1129 1403 1191 et
1456 1125 1741 1211 proficit,
1798 1126 1909 1210 qui
1963 1126 2033 1191 in
2078 1126 2307 1191 mediis
2343 1154 2347 1164 ¹

261 1239 330 1282 se
394 1216 628 1282 officiis
691 1216 914 1301 posuit
971 1216 1342 1281 communia
1393 1216 1771 1300 privataque
1825 1236 1946 1299 Ρι·ο
2001 1214 2307 1280 facultate

261 1305 736 1371 administrans.
827 1304 974 1371 ‘sed
1034 1305 1188 1389 quia
1246 1306 1318 1370 in
1373 1303 1528 1369 hac'
1587 1304 1802 1388 inquit
1861 1304 2026 1369 tam
2080 1304 2309 1369 insana
2342 1320 2374 1368 2

259 1394 599 1461 hominum
675 1394 1028 1459 ambitione
1099 1398 1201 1459 tot
1265 1393 1837 1460 calumniatoribus
1896 1394 1967 1458 in
2030 1393 2306 1459 deterius

259 1487 436 1549 recta
489 1482 940 1568 torquentibus
997 1505 1227 1568 parum
1280 1486 1426 1547 tuta
1480 1482 1859 1566 simplicitas
1906 1486 2005 1548 est
2050 1485 2115 1547 et
2158 1482 2307 1567 plus

258 1575 553 1639 futurum
607 1594 860 1657 semper
903 1575 1004 1638 est
1048 1571 1222 1657 quod
1270 1572 1483 1650 obstet
1530 1587 1724 1656 quam
1771 1571 1945 1655 quod
1991 1571 2307 1655 succedat,

259 1684 298 1728 a
353 1662 501 1727 foro
559 1660 818 1764 quidem
871 1665 937 1727 et
991 1661 1252 1746 publico
1309 1660 1733 1727 recedendum
1778 1664 1902 1744 est,
1950 1661 2068 1726 sed
2113 1659 2309 1726 habet

258 1752 374 1818 ubi
421 1772 488 1817 se
535 1751 728 1816 etiam
774 1751 844 1815 ιιι
887 1751 1142 1836 privato
1187 1752 1334 1816 laxe
1380 1750 1660 1835 explicet
1705 1770 1977 1852 magnus
2026 1749 2307 1834 animus3

257 1863 379 1907 nec
423 1844 500 1906 ut
541 1840 804 1906 leonum
851 1840 1357 1924 animaliumque
1393 1840 1673 1925 impetus
1713 1838 1921 1906 caveis
1959 1842 2305 1923 coercetur,

260 1931 356 1996 sic
411 1929 780 2013 hominum,
851 1951 1127 2015 quorum
1187 1930 1503 1995 maximae
1562 1929 1633 1994 in
1678 1929 1955 1995 seducto
2020 1930 2303 1995 actiones

259 2022 426 2084 sunt.
503 2019 596 2083 ita
637 2023 855 2084 tamen
901 2018 1253 2102 delituerit,
1298 2023 1372 2083 ut
1427 2018 1830 2120 ubicumque
1863 2017 2069 2083 otium
2115 2040 2303 2083 suum

258 2108 690 2193 absconderit,
728 2107 1030 2192 prodesse
1066 2109 1224 2173 velit
1251 2108 1524 2194 singulis
1552 2107 1996 2191 universisque
2024 2107 2305 2193 ingenio,

258 2218 445 2281 voce,
491 2197 793 2282 consili03
837 2218 958 2262 nec
1003 2197 1175 2263 enim
1221 2197 1277 2262 is
1325 2198 1501 2263 nolus
1546 2198 1641 2262 rei
1690 2196 1986 2280 publicae
2022 2197 2303 2281 prodent,

260 2287 376 2371 qui
422 2286 794 2352 candidatos
841 2286 1123 2352 extrahit
1163 2290 1228 2351 et
1260 2289 1480 2352 tuetur
1514 2307 1659 2352 reos
1697 2290 1762 2351 et
1799 2285 1876 2351 de
1913 2308 2070 2371 pace
2106 2286 2303 2351 bello-

260 2398 386 2460 que
449 2380 692 2458 censet,
767 2374 877 2440 sed
943 2376 1056 2458 qui
1119 2376 1519 2440 iuventutem
1583 2374 1985 2459 exhortatur,
2058 2375 2172 2458 qui
2234 2375 2305 2439 in

256 2469 441 2530 tanta
497 2465 817 2530 bonorum
871 2468 1361 2567 praeceptorum
1406 2464 1629 2548 inopia
1672 2463 1975 2529 virtutem
2031 2463 2304 2529 instillat

258 2553 519 2638 animis,
587 2554 700 2637 qui
763 2552 844 2617 ad
907 2553 1247 2638 pecuniam
1305 2553 1758 2637 luxuriamque
1812 2574 2004 2619 cursu
2057 2553 2303 2619 ruentis

258 2646 523 2726 prensat
567 2663 643 2708 ac
677 2641 950 2707 retrahit
986 2645 1076 2727 et,
1123 2643 1179 2708 si
1213 2641 1383 2707 nihil
1418 2641 1620 2726 aliud,
1668 2645 1837 2708 certe
1873 2645 2189 2725 moratur,
2233 2641 2304 2706 in

441 2815 478 2869 ὅ
523 2815 774 2870 educunt
811 2815 868 2871 A
915 2823 1082 2884 recte,
1131 2815 1235 2883 cfr.
1279 2823 1421 2886 epist
1422 2819 1601 2882 .,122
1628 2820 1664 2870 3
1710 2814 1889 2956 1ἓ6
1865 2813 2142 2883 roborque
2183 2817 2239 2870 A
2283 2815 2305 2888 11
2333 2864 2339 2870 ,.

259 2886 298 2942 8
331 2885 498 2942 uobis
534 2889 591 2943 A
634 2886 798 2942 nobis
833 2888 970 2957 υο19.
1009 2893 1138 2942 ante
1174 2887 1369 2942 Haase
1428 2886 1520 2960 19
1562 2903 1677 2940 uno
1890 2887 1911 2940 l
1946 2888 2064 2942 coll.
2095 2887 2206 2943 Cic.
2236 2887 2304 2942 de

259 2974 340 3014 or.
378 2959 419 3012 1
447 2961 560 3013 260
607 2959 685 3012 II
714 2961 821 3013 162
863 2957 932 3012 de
976 2958 1086 3013 div.
1127 2959 1207 3012 11
1235 2962 1308 3013 59
1416 2886 1657 3012 or.c.1
1686 2963 1740 3025 7,
1766 2961 1801 3012 5
1851 2974 1965 3012 non
2005 2959 2062 3013 A
2111 2959 2301 3012 nostro

263 3028 431 3083 Gertz
477 3027 516 3152 11
548 3027 619 3082 18
631 3045 706 3097 eq.
753 3043 870 3082 non
912 3028 1061 3098 fuqit
1103 3045 1186 3084 vv.
1225 3029 1316 3084 ἄᾶ.
1356 3028 1617 3084 Senecam
1654 3029 1768 3094 hic,
1804 3034 1869 3082 ut
1900 3030 2121 3096 saepius
2154 3029 2303 3096 feeit,

259 3099 516 3155 Athenod
515 3100 603 3154 ori
647 3099 826 3154 verbis
873 3101 958 3154 ita
1005 3116 1112 3155 sua
1159 3100 1540 3166 immiscuisse,
1594 3105 1659 3154 ut
1708 3101 1807 3154 vix
1860 3099 2115 3154 dinosco-9
2163 3117 2303 3168 quae

261 3169 790 3240 Athenodoriqnae
834 3169 1067 3226 Senecae
1109 3169 1335 3254 fuerint.
1404 3170 1727 3226 crediderim
1760 3171 1891 3224 inde
1926 3187 1964 3226 a
1997 3171 2173 3226 verbis
2216 3171 2301 3224 ita

259 3243 457 3297 tamen
483 3187 790 3296 delituerit
799 3258 850 3296 v.
867 3245 939 3298 21
966 3241 1201 3298 Senecae
1230 3242 1474 3312 incipere
1498 3242 2005 3298 sermocinationem
2029 3241 2051 3315 11
2076 3241 2147 3297 18
2173 3240 2301 3297 laxe

261 3316 318 3370 A
353 3311 474 3369 lare
502 3324 538 3370 ς
573 3320 623 3369 et
646 3311 938 3442 υσ19.120
963 3313 1245 3369 maximae
1271 3314 1507 3384 Lipsius
1540 3313 1785 3368 maxime
1812 3314 1869 3370 A
1904 3312 1925 3388 11
1960 3313 2032 3368 26
2058 3313 2303 3370 instillat

262 3385 458 3442 Haase
507 3385 802 3457 (stienecfr
831 3386 976 3444 .V1
1007 3390 1094 3455 16,
1120 3388 1175 3457 6)
1221 3385 1501 3442 instituat.
1540 3387 1597 3443 A
1636 3385 1896 3441 insinuat
1932 3387 2248 3460 Petschenig]
2280 3387 2303 3460 11

261 3456 331 3513 27
371 3474 538 3513 cursu
572 3428 916 3530 v019.cui·su
945 3459 1001 3518 A
1037 3458 1244 3514 cursim
1278 3457 1482 3514 Gruter
