<?xml version="1.0" encoding="UTF-8"?>
<!DOCTYPE html PUBLIC "-//W3C//DTD XHTML 1.0 Transitional//EN"
    "http://www.w3.org/TR/xhtml1/DTD/xhtml1-transitional.dtd">
<html xmlns="http://www.w3.org/1999/xhtml" xml:lang="en" lang="en">
 <head>
  <title>
</title>
<meta http-equiv="Content-Type" content="text/html;charset=utf-8" />
  <meta name='ocr-system' content='tesseract 3.04.00' />
  <meta name='ocr-capabilities' content='ocr_page ocr_carea ocr_par ocr_line ocrx_word'/>
</head>
<body>
  <div class='ocr_page' id='page_1' title='image "./lannaeisenecaeo01unkngoog_0245.png"; bbox 0 0 2544 3746; ppageno 0'>
   <div class='ocr_carea' id='block_1_1' title="bbox 153 1071 206 1112">
    <p class='ocr_par' dir='ltr' id='par_1_1' title="bbox 153 1071 206 1112">
     <span class='ocr_line' id='line_1_1' title="bbox 153 1071 206 1112; baseline 0.019 -1"><span class='ocrx_word' id='word_1_1' title='bbox 153 1071 206 1112; x_wconf 81' lang='lat'><strong>10</strong></span> 
     </span>
    </p>
   </div>
   <div class='ocr_carea' id='block_1_2' title="bbox 153 1532 203 1576">
    <p class='ocr_par' dir='ltr' id='par_1_2' title="bbox 153 1532 203 1576">
     <span class='ocr_line' id='line_1_2' title="bbox 153 1532 203 1576; baseline 0.04 -2"><span class='ocrx_word' id='word_1_2' title='bbox 153 1532 203 1576; x_wconf 76' lang='lat'><strong>15</strong></span> 
     </span>
    </p>
   </div>
   <div class='ocr_carea' id='block_1_3' title="bbox 149 1981 204 2021">
    <p class='ocr_par' dir='ltr' id='par_1_3' title="bbox 149 1981 204 2021">
     <span class='ocr_line' id='line_1_3' title="bbox 149 1981 204 2021; baseline 0 0"><span class='ocrx_word' id='word_1_3' title='bbox 149 1981 204 2021; x_wconf 81' lang='lat'><strong>20</strong></span> 
     </span>
    </p>
   </div>
   <div class='ocr_carea' id='block_1_4' title="bbox 467 100 2278 172">
    <p class='ocr_par' dir='ltr' id='par_1_4' title="bbox 467 100 2278 172">
     <span class='ocr_line' id='line_1_4' title="bbox 467 100 2278 172; baseline 0.002 -15"><span class='ocrx_word' id='word_1_4' title='bbox 467 102 568 157; x_wconf 82' lang='lat' dir='ltr'><strong>AD</strong></span> <span class='ocrx_word' id='word_1_5' title='bbox 609 101 1037 158; x_wconf 77' lang='lat' dir='ltr'><strong>GALLIONEM</strong></span> <span class='ocrx_word' id='word_1_6' title='bbox 1071 100 1169 158; x_wconf 78' lang='lat' dir='ltr'><strong>DE</strong></span> <span class='ocrx_word' id='word_1_7' title='bbox 1205 101 1383 159; x_wconf 86' lang='lat' dir='ltr'>VITA</span> <span class='ocrx_word' id='word_1_8' title='bbox 1418 102 1663 157; x_wconf 84' lang='lat' dir='ltr'><strong><em>BEATA</em></strong></span> <span class='ocrx_word' id='word_1_9' title='bbox 1701 102 1853 157; x_wconf 80' lang='lat' dir='ltr'><strong>OAP.</strong></span> <span class='ocrx_word' id='word_1_10' title='bbox 1885 109 1969 159; x_wconf 80' lang='lat'><strong>22.</strong></span> <span class='ocrx_word' id='word_1_11' title='bbox 2000 108 2067 159; x_wconf 78' lang='lat'><strong>28</strong></span> <span class='ocrx_word' id='word_1_12' title='bbox 2150 106 2278 172; x_wconf 78' lang='grc'><strong>221</strong></span> 
     </span>
    </p>
   </div>
   <div class='ocr_carea' id='block_1_5' title="bbox 239 247 2349 2846">
    <p class='ocr_par' dir='ltr' id='par_1_5' title="bbox 239 247 2349 1135">
     <span class='ocr_line' id='line_1_5' title="bbox 244 247 2282 334; baseline 0 -21"><span class='ocrx_word' id='word_1_13' title='bbox 244 247 482 313; x_wconf 78' lang='lat' dir='ltr'><strong>habere</strong></span> <span class='ocrx_word' id='word_1_14' title='bbox 519 248 763 333; x_wconf 81' lang='lat' dir='ltr'><strong>aliquid</strong></span> <span class='ocrx_word' id='word_1_15' title='bbox 789 248 860 313; x_wconf 89' lang='lat' dir='ltr'><strong>in</strong></span> <span class='ocrx_word' id='word_1_16' title='bbox 886 269 957 313; x_wconf 89' lang='lat' dir='ltr'><strong>se</strong></span> <span class='ocrx_word' id='word_1_17' title='bbox 982 247 1175 333; x_wconf 89' lang='lat' dir='ltr'><strong>pretii</strong></span> <span class='ocrx_word' id='word_1_18' title='bbox 1202 252 1266 313; x_wconf 91' lang='lat' dir='ltr'><strong>et</strong></span> <span class='ocrx_word' id='word_1_19' title='bbox 1294 247 1421 312; x_wconf 78' lang='lat' dir='ltr'><strong>alia</strong></span> <span class='ocrx_word' id='word_1_20' title='bbox 1434 247 1589 319; x_wconf 83' lang='lat' dir='ltr'><strong>,aliis</strong></span> <span class='ocrx_word' id='word_1_21' title='bbox 1619 269 1755 314; x_wconf 89' lang='lat' dir='ltr'><strong>esse</strong></span> <span class='ocrx_word' id='word_1_22' title='bbox 1782 249 2079 333; x_wconf 81' lang='lat' dir='ltr'><strong>potiora?</strong></span> <span class='ocrx_word' id='word_1_23' title='bbox 2144 250 2282 334; x_wconf 89' lang='lat' dir='ltr'><strong>qui·</strong></span> 
     </span>
     <span class='ocr_line' id='line_1_6' title="bbox 245 336 2281 422; baseline 0 -20"><span class='ocrx_word' id='word_1_24' title='bbox 245 336 518 403; x_wconf 86' lang='lat' dir='ltr'><strong>busdam</strong></span> <span class='ocrx_word' id='word_1_25' title='bbox 556 358 636 403; x_wconf 89' lang='lat' dir='ltr'><strong>ex</strong></span> <span class='ocrx_word' id='word_1_26' title='bbox 661 337 742 403; x_wconf 89' lang='lat' dir='ltr'><strong>iis</strong></span> <span class='ocrx_word' id='word_1_27' title='bbox 769 336 1080 403; x_wconf 84' lang='lat' dir='ltr'><strong>tribuitur</strong></span> <span class='ocrx_word' id='word_1_28' title='bbox 1105 336 1350 421; x_wconf 81' lang='lat' dir='ltr'><strong>aliquid</strong></span> <span class='ocrx_word' id='word_1_29' title='bbox 1376 336 1668 421; x_wconf 86' lang='lat' dir='ltr'><strong>honoris,</strong></span> <span class='ocrx_word' id='word_1_30' title='bbox 1707 337 2089 422; x_wconf 88' lang='lat' dir='ltr'><strong>quibusdam</strong></span> <span class='ocrx_word' id='word_1_31' title='bbox 2118 339 2281 403; x_wconf 90' lang='lat' dir='ltr'><strong>mul·</strong></span> 
     </span>
     <span class='ocr_line' id='line_1_7' title="bbox 243 425 2349 515; baseline 0 -23"><span class='ocrx_word' id='word_1_32' title='bbox 243 430 400 492; x_wconf 88' lang='lat' dir='ltr'><strong>tum.</strong></span> <span class='ocrx_word' id='word_1_33' title='bbox 473 449 556 492; x_wconf 90' lang='lat' dir='ltr'><strong>ne</strong></span> <span class='ocrx_word' id='word_1_34' title='bbox 592 438 760 493; x_wconf 78' lang='lat' dir='ltr'><strong>e‘rres</strong></span> <span class='ocrx_word' id='word_1_35' title='bbox 797 425 1042 515; x_wconf 82' lang='lat' dir='ltr'><strong>itaque,</strong></span> <span class='ocrx_word' id='word_1_36' title='bbox 1076 426 1246 492; x_wconf 89' lang='lat' dir='ltr'><strong>inter</strong></span> <span class='ocrx_word' id='word_1_37' title='bbox 1280 427 1535 511; x_wconf 81' lang='lat' dir='ltr'><strong>potiora</strong></span> <span class='ocrx_word' id='word_1_38' title='bbox 1571 426 1831 493; x_wconf 83' lang='lat' dir='ltr'><strong>divitiae</strong></span> <span class='ocrx_word' id='word_1_39' title='bbox 1860 431 2041 494; x_wconf 79' lang='lat' dir='ltr'><strong>sunt·</strong></span> <span class='ocrx_word' id='word_1_40' title='bbox 2091 427 2111 457; x_wconf 70' lang='lat'><em>³</em></span> <span class='ocrx_word' id='word_1_41' title='bbox 2124 428 2279 512; x_wconf 90' lang='lat' dir='ltr'><strong>quid</strong></span> <span class='ocrx_word' id='word_1_42' title='bbox 2317 443 2349 493; x_wconf 71' lang='grc' dir='ltr'>ὅ</span> 
     </span>
     <span class='ocr_line' id='line_1_8' title="bbox 244 514 2279 602; baseline 0 -21"><span class='ocrx_word' id='word_1_43' title='bbox 244 536 399 602; x_wconf 89' lang='lat' dir='ltr'><strong>ergo</strong></span> <span class='ocrx_word' id='word_1_44' title='bbox 412 514 433 544; x_wconf 78' lang='lat'>²</span> <span class='ocrx_word' id='word_1_45' title='bbox 481 515 696 600; x_wconf 79' lang='lat' dir='ltr'><strong>inquis</strong></span> <span class='ocrx_word' id='word_1_46' title='bbox 743 516 877 582; x_wconf 79' lang='lat' dir='ltr'><strong>‘me</strong></span> <span class='ocrx_word' id='word_1_47' title='bbox 923 515 1196 598; x_wconf 79' lang='lat' dir='ltr'><strong>derides,</strong></span> <span class='ocrx_word' id='word_1_48' title='bbox 1242 536 1391 581; x_wconf 89' lang='lat' dir='ltr'><strong>cum</strong></span> <span class='ocrx_word' id='word_1_49' title='bbox 1436 515 1706 582; x_wconf 89' lang='lat' dir='ltr'><strong>eundem</strong></span> <span class='ocrx_word' id='word_1_50' title='bbox 1754 520 1912 601; x_wconf 82' lang='lat' dir='ltr'><strong>aput</strong></span> <span class='ocrx_word' id='word_1_51' title='bbox 1953 520 2018 583; x_wconf 90' lang='lat' dir='ltr'><strong>te</strong></span> <span class='ocrx_word' id='word_1_52' title='bbox 2063 518 2279 583; x_wconf 86' lang='lat' dir='ltr'><strong>locum</strong></span> 
     </span>
     <span class='ocr_line' id='line_1_9' title="bbox 242 604 2279 690; baseline 0 -19"><span class='ocrx_word' id='word_1_53' title='bbox 242 604 546 690; x_wconf 77' lang='lat' dir='ltr'><strong>habeant,</strong></span> <span class='ocrx_word' id='word_1_54' title='bbox 584 626 776 689; x_wconf 92' lang='lat' dir='ltr'><strong>quem</strong></span> <span class='ocrx_word' id='word_1_55' title='bbox 811 608 971 690; x_wconf 87' lang='lat' dir='ltr'><strong>aput</strong></span> <span class='ocrx_word' id='word_1_56' title='bbox 1004 604 1181 670; x_wconf 81' lang='lat' dir='ltr'><strong>me?&#39;</strong></span> <span class='ocrx_word' id='word_1_57' title='bbox 1253 604 1351 670; x_wconf 81' lang='lat' dir='ltr'><strong>vis</strong></span> <span class='ocrx_word' id='word_1_58' title='bbox 1387 606 1577 689; x_wconf 85' lang='lat' dir='ltr'><strong>scire,</strong></span> <span class='ocrx_word' id='word_1_59' title='bbox 1611 626 1806 689; x_wconf 88' lang='lat' dir='ltr'><strong>quam</strong></span> <span class='ocrx_word' id='word_1_60' title='bbox 1840 627 1974 671; x_wconf 91' lang='lat' dir='ltr'><strong>non</strong></span> <span class='ocrx_word' id='word_1_61' title='bbox 2009 606 2279 671; x_wconf 89' lang='lat' dir='ltr'><strong>eundem</strong></span> 
     </span>
     <span class='ocr_line' id='line_1_10' title="bbox 242 692 2280 779; baseline 0 -19"><span class='ocrx_word' id='word_1_62' title='bbox 242 694 523 760; x_wconf 82' lang='lat' dir='ltr'><strong>habeant</strong></span> <span class='ocrx_word' id='word_1_63' title='bbox 591 692 854 760; x_wconf 79' lang='lat' dir='ltr'><strong>locum?</strong></span> <span class='ocrx_word' id='word_1_64' title='bbox 958 693 1121 759; x_wconf 87' lang='lat' dir='ltr'><strong>mihi</strong></span> <span class='ocrx_word' id='word_1_65' title='bbox 1193 693 1455 760; x_wconf 81' lang='lat' dir='ltr'><strong>divitiae</strong></span> <span class='ocrx_word' id='word_1_66' title='bbox 1527 693 1583 759; x_wconf 95' lang='lat' dir='ltr'><strong>si</strong></span> <span class='ocrx_word' id='word_1_67' title='bbox 1651 693 2041 779; x_wconf 82' lang='lat' dir='ltr'><strong>effluxerint,</strong></span> <span class='ocrx_word' id='word_1_68' title='bbox 2113 695 2280 760; x_wconf 86' lang='lat' dir='ltr'><strong>nihil</strong></span> 
     </span>
     <span class='ocr_line' id='line_1_11' title="bbox 243 782 2278 868; baseline -0.001 -18"><span class='ocrx_word' id='word_1_69' title='bbox 243 783 534 850; x_wconf 74' lang='lat' dir='ltr'><strong>auferent</strong></span> <span class='ocrx_word' id='word_1_70' title='bbox 585 784 713 849; x_wconf 80' lang='lat' dir='ltr'><strong>nisi</strong></span> <span class='ocrx_word' id='word_1_71' title='bbox 756 787 959 850; x_wconf 87' lang='lat' dir='ltr'><strong>semet</strong></span> <span class='ocrx_word' id='word_1_72' title='bbox 1002 784 1204 868; x_wconf 81' lang='lat' dir='ltr'><strong>ipsas,</strong></span> <span class='ocrx_word' id='word_1_73' title='bbox 1247 787 1322 848; x_wconf 86' lang='lat' dir='ltr'><strong>tu</strong></span> <span class='ocrx_word' id='word_1_74' title='bbox 1367 782 1653 868; x_wconf 85' lang='lat' dir='ltr'><strong>stupebis</strong></span> <span class='ocrx_word' id='word_1_75' title='bbox 1698 787 1765 849; x_wconf 88' lang='lat' dir='ltr'><strong>et</strong></span> <span class='ocrx_word' id='word_1_76' title='bbox 1807 783 2120 850; x_wconf 78' lang='lat' dir='ltr'><strong>videberis</strong></span> <span class='ocrx_word' id='word_1_77' title='bbox 2156 784 2278 851; x_wconf 90' lang='lat' dir='ltr'><strong>tibi</strong></span> 
     </span>
     <span class='ocr_line' id='line_1_12' title="bbox 245 872 2278 958; baseline 0 -21"><span class='ocrx_word' id='word_1_78' title='bbox 245 873 382 938; x_wconf 75' lang='lat' dir='ltr'><strong>sine</strong></span> <span class='ocrx_word' id='word_1_79' title='bbox 445 876 510 939; x_wconf 86' lang='lat' dir='ltr'><strong>te</strong></span> <span class='ocrx_word' id='word_1_80' title='bbox 571 872 860 957; x_wconf 80' lang='lat' dir='ltr'><strong>relictus,</strong></span> <span class='ocrx_word' id='word_1_81' title='bbox 933 872 988 938; x_wconf 90' lang='lat' dir='ltr'><strong>si</strong></span> <span class='ocrx_word' id='word_1_82' title='bbox 1047 873 1195 938; x_wconf 82' lang='lat' dir='ltr'><strong>illae</strong></span> <span class='ocrx_word' id='word_1_83' title='bbox 1259 896 1299 937; x_wconf 84' lang='lat' dir='ltr'><strong>a</strong></span> <span class='ocrx_word' id='word_1_84' title='bbox 1361 876 1424 938; x_wconf 90' lang='lat' dir='ltr'><strong>te</strong></span> <span class='ocrx_word' id='word_1_85' title='bbox 1489 872 1890 957; x_wconf 83' lang='lat' dir='ltr'><strong>recesserint3</strong></span> <span class='ocrx_word' id='word_1_86' title='bbox 1954 876 2112 958; x_wconf 79' lang='lat' dir='ltr'><strong>aput</strong></span> <span class='ocrx_word' id='word_1_87' title='bbox 2174 895 2278 938; x_wconf 92' lang='lat' dir='ltr'><strong>me</strong></span> 
     </span>
     <span class='ocr_line' id='line_1_13' title="bbox 243 961 2278 1047; baseline 0 -21"><span class='ocrx_word' id='word_1_88' title='bbox 243 961 506 1027; x_wconf 74' lang='lat' dir='ltr'><strong>divitiae</strong></span> <span class='ocrx_word' id='word_1_89' title='bbox 560 961 840 1047; x_wconf 77' lang='lat' dir='ltr'><strong>aliquem</strong></span> <span class='ocrx_word' id='word_1_90' title='bbox 893 962 1111 1027; x_wconf 89' lang='lat' dir='ltr'><strong>locum</strong></span> <span class='ocrx_word' id='word_1_91' title='bbox 1155 961 1420 1045; x_wconf 81' lang='lat' dir='ltr'><strong>habent,</strong></span> <span class='ocrx_word' id='word_1_92' title='bbox 1480 965 1639 1046; x_wconf 83' lang='lat' dir='ltr'><strong>aput</strong></span> <span class='ocrx_word' id='word_1_93' title='bbox 1680 965 1745 1028; x_wconf 90' lang='lat' dir='ltr'><strong>te</strong></span> <span class='ocrx_word' id='word_1_94' title='bbox 1793 984 2143 1046; x_wconf 81' lang='lat' dir='ltr'><strong>summum3</strong></span> <span class='ocrx_word' id='word_1_95' title='bbox 2197 962 2278 1027; x_wconf 83' lang='lat' dir='ltr'><strong>ad</strong></span> 
     </span>
     <span class='ocr_line' id='line_1_14' title="bbox 239 1050 2049 1135; baseline 0.001 -19"><span class='ocrx_word' id='word_1_96' title='bbox 239 1054 640 1135; x_wconf 87' lang='lat' dir='ltr'><strong>postremum</strong></span> <span class='ocrx_word' id='word_1_97' title='bbox 687 1050 945 1116; x_wconf 79' lang='lat' dir='ltr'><strong>divitiae</strong></span> <span class='ocrx_word' id='word_1_98' title='bbox 989 1072 1166 1115; x_wconf 87' lang='lat' dir='ltr'><strong>meae</strong></span> <span class='ocrx_word' id='word_1_99' title='bbox 1213 1054 1392 1134; x_wconf 88' lang='lat' dir='ltr'><strong>sunt,</strong></span> <span class='ocrx_word' id='word_1_100' title='bbox 1435 1054 1509 1115; x_wconf 91' lang='lat' dir='ltr'><strong>tu</strong></span> <span class='ocrx_word' id='word_1_101' title='bbox 1554 1050 1921 1117; x_wconf 83' lang='lat' dir='ltr'><strong>divitiarum</strong></span> <span class='ocrx_word' id='word_1_102' title='bbox 1966 1073 2049 1118; x_wconf 85' lang='lat' dir='ltr'><strong>es.</strong></span> 
     </span>
    </p>

    <p class='ocr_par' dir='ltr' id='par_1_6' title="bbox 239 1154 2347 2846">
     <span class='ocr_line' id='line_1_15' title="bbox 421 1154 2347 1244; baseline 0.001 -21"><span class='ocrx_word' id='word_1_103' title='bbox 421 1154 656 1223; x_wconf 82' lang='lat' dir='ltr'>XXIII.</span> <span class='ocrx_word' id='word_1_104' title='bbox 738 1156 975 1224; x_wconf 89' lang='lat' dir='ltr'><strong>Desine</strong></span> <span class='ocrx_word' id='word_1_105' title='bbox 1047 1179 1201 1244; x_wconf 89' lang='lat' dir='ltr'><strong>ergo</strong></span> <span class='ocrx_word' id='word_1_106' title='bbox 1274 1157 1682 1243; x_wconf 85' lang='lat' dir='ltr'><strong>philosophis</strong></span> <span class='ocrx_word' id='word_1_107' title='bbox 1753 1158 2026 1243; x_wconf 87' lang='lat' dir='ltr'><strong>pecunia</strong></span> <span class='ocrx_word' id='word_1_108' title='bbox 2086 1158 2302 1223; x_wconf 88' lang='lat' dir='ltr'><strong>inter·.</strong></span> <span class='ocrx_word' id='word_1_109' title='bbox 2317 1174 2347 1224; x_wconf 83' lang='lat'>1</span> 
     </span>
     <span class='ocr_line' id='line_1_16' title="bbox 241 1245 2281 1332; baseline 0 -21"><span class='ocrx_word' id='word_1_110' title='bbox 241 1246 478 1313; x_wconf 84' lang='lat' dir='ltr'><strong>dicere:</strong></span> <span class='ocrx_word' id='word_1_111' title='bbox 522 1267 714 1314; x_wconf 91' lang='lat' dir='ltr'><strong>nemo</strong></span> <span class='ocrx_word' id='word_1_112' title='bbox 760 1246 1140 1332; x_wconf 73' lang='lat' dir='ltr'><strong>sapientiam</strong></span> <span class='ocrx_word' id='word_1_113' title='bbox 1186 1250 1563 1332; x_wconf 85' lang='lat' dir='ltr'><strong>paupertate</strong></span> <span class='ocrx_word' id='word_1_114' title='bbox 1600 1246 1943 1312; x_wconf 80' lang='lat' dir='ltr'><strong>damnavit.</strong></span> <span class='ocrx_word' id='word_1_115' title='bbox 2016 1245 2281 1313; x_wconf 77' lang='lat' dir='ltr'><strong>hebebit</strong></span> 
     </span>
     <span class='ocr_line' id='line_1_17' title="bbox 240 1334 2279 1421; baseline -0 -19"><span class='ocrx_word' id='word_1_116' title='bbox 240 1334 668 1421; x_wconf 87' lang='lat' dir='ltr'><strong>philosophus</strong></span> <span class='ocrx_word' id='word_1_117' title='bbox 703 1336 950 1420; x_wconf 83' lang='lat' dir='ltr'><strong>amplas</strong></span> <span class='ocrx_word' id='word_1_118' title='bbox 989 1357 1170 1421; x_wconf 89' lang='lat' dir='ltr'><strong>opes,</strong></span> <span class='ocrx_word' id='word_1_119' title='bbox 1217 1336 1329 1402; x_wconf 90' lang='lat' dir='ltr'><strong>sed</strong></span> <span class='ocrx_word' id='word_1_120' title='bbox 1363 1336 1529 1401; x_wconf 90' lang='lat' dir='ltr'><strong>nulli</strong></span> <span class='ocrx_word' id='word_1_121' title='bbox 1565 1336 1878 1402; x_wconf 85' lang='lat' dir='ltr'><strong>detractas</strong></span> <span class='ocrx_word' id='word_1_122' title='bbox 1913 1356 2034 1402; x_wconf 90' lang='lat' dir='ltr'><strong>nec</strong></span> <span class='ocrx_word' id='word_1_123' title='bbox 2068 1336 2279 1403; x_wconf 82' lang='lat' dir='ltr'><strong>alieno</strong></span> 
     </span>
     <span class='ocr_line' id='line_1_18' title="bbox 241 1424 2277 1511; baseline -0 -21"><span class='ocrx_word' id='word_1_124' title='bbox 241 1425 552 1511; x_wconf 84' lang='lat' dir='ltr'><strong>sanguine</strong></span> <span class='ocrx_word' id='word_1_125' title='bbox 596 1428 919 1508; x_wconf 86' lang='lat' dir='ltr'><strong>cruentas,</strong></span> <span class='ocrx_word' id='word_1_126' title='bbox 966 1424 1102 1491; x_wconf 90' lang='lat' dir='ltr'><strong>sine</strong></span> <span class='ocrx_word' id='word_1_127' title='bbox 1147 1425 1527 1510; x_wconf 82' lang='lat' dir='ltr'><strong>cuiusquam</strong></span> <span class='ocrx_word' id='word_1_128' title='bbox 1572 1424 1809 1490; x_wconf 87' lang='lat' dir='ltr'><strong>iniuria</strong></span> <span class='ocrx_word' id='word_1_129' title='bbox 1847 1428 2063 1510; x_wconf 81' lang='lat' dir='ltr'><strong>partas</strong></span> <span class='ocrx_word' id='word_1_130' title='bbox 2073 1472 2094 1509; x_wconf 92' lang='lat'><strong>,</strong></span> <span class='ocrx_word' id='word_1_131' title='bbox 2140 1424 2277 1490; x_wconf 87' lang='lat' dir='ltr'><strong>sine</strong></span> 
     </span>
     <span class='ocr_line' id='line_1_19' title="bbox 242 1514 2276 1599; baseline -0 -20"><span class='ocrx_word' id='word_1_132' title='bbox 242 1514 516 1580; x_wconf 75' lang='lat' dir='ltr'><strong>sordidis</strong></span> <span class='ocrx_word' id='word_1_133' title='bbox 577 1514 975 1599; x_wconf 84' lang='lat' dir='ltr'><strong>quaestibus,</strong></span> <span class='ocrx_word' id='word_1_134' title='bbox 1035 1536 1305 1599; x_wconf 83' lang='lat' dir='ltr'><strong>quarum</strong></span> <span class='ocrx_word' id='word_1_135' title='bbox 1365 1517 1499 1579; x_wconf 82' lang='lat' dir='ltr'><strong>tam</strong></span> <span class='ocrx_word' id='word_1_136' title='bbox 1557 1514 1865 1580; x_wconf 87' lang='lat' dir='ltr'><strong>honestus</strong></span> <span class='ocrx_word' id='word_1_137' title='bbox 1926 1515 2015 1580; x_wconf 89' lang='lat' dir='ltr'><strong>sit</strong></span> <span class='ocrx_word' id='word_1_138' title='bbox 2067 1514 2276 1580; x_wconf 75' lang='lat' dir='ltr'><strong>exitus</strong></span> 
     </span>
     <span class='ocr_line' id='line_1_20' title="bbox 241 1603 2275 1690; baseline -0.001 -21"><span class='ocrx_word' id='word_1_139' title='bbox 241 1625 438 1688; x_wconf 82' lang='lat' dir='ltr'><strong>quam</strong></span> <span class='ocrx_word' id='word_1_140' title='bbox 472 1603 807 1688; x_wconf 84' lang='lat' dir='ltr'><strong>introitus,</strong></span> <span class='ocrx_word' id='word_1_141' title='bbox 848 1604 1080 1689; x_wconf 88' lang='lat' dir='ltr'><strong>quibus</strong></span> <span class='ocrx_word' id='word_1_142' title='bbox 1116 1625 1307 1669; x_wconf 92' lang='lat' dir='ltr'><strong>nemo</strong></span> <span class='ocrx_word' id='word_1_143' title='bbox 1345 1604 1740 1688; x_wconf 77' lang='lat' dir='ltr'><strong>ingemescat</strong></span> <span class='ocrx_word' id='word_1_144' title='bbox 1772 1603 1901 1669; x_wconf 90' lang='lat' dir='ltr'><strong>nisi</strong></span> <span class='ocrx_word' id='word_1_145' title='bbox 1935 1604 2275 1690; x_wconf 84' lang='lat' dir='ltr'><strong>malignus.</strong></span> 
     </span>
     <span class='ocr_line' id='line_1_21' title="bbox 239 1692 2276 1780; baseline 0 -24"><span class='ocrx_word' id='word_1_146' title='bbox 239 1695 309 1757; x_wconf 88' lang='lat' dir='ltr'><strong>in</strong></span> <span class='ocrx_word' id='word_1_147' title='bbox 347 1695 658 1777; x_wconf 83' lang='lat' dir='ltr'><strong>quantum</strong></span> <span class='ocrx_word' id='word_1_148' title='bbox 695 1694 794 1759; x_wconf 83' lang='lat' dir='ltr'><strong>vis</strong></span> <span class='ocrx_word' id='word_1_149' title='bbox 831 1714 1146 1780; x_wconf 81' lang='lat' dir='ltr'><strong>exaggera</strong></span> <span class='ocrx_word' id='word_1_150' title='bbox 1181 1693 1355 1758; x_wconf 80' lang='lat' dir='ltr'><strong>sslas:</strong></span> <span class='ocrx_word' id='word_1_151' title='bbox 1391 1692 1697 1760; x_wconf 79' lang='lat' dir='ltr'><strong>honestae</strong></span> <span class='ocrx_word' id='word_1_152' title='bbox 1726 1697 1903 1777; x_wconf 89' lang='lat' dir='ltr'><strong>sunt,</strong></span> <span class='ocrx_word' id='word_1_153' title='bbox 1938 1694 2008 1762; x_wconf 90' lang='lat' dir='ltr'><strong>in</strong></span> <span class='ocrx_word' id='word_1_154' title='bbox 2045 1694 2276 1778; x_wconf 83' lang='lat' dir='ltr'><strong>quibus</strong></span> 
     </span>
     <span class='ocr_line' id='line_1_22' title="bbox 240 1781 2275 1867; baseline -0.001 -20"><span class='ocrx_word' id='word_1_155' title='bbox 240 1802 388 1847; x_wconf 89' lang='lat' dir='ltr'><strong>cum</strong></span> <span class='ocrx_word' id='word_1_156' title='bbox 434 1782 640 1849; x_wconf 85' lang='lat' dir='ltr'><strong>multa</strong></span> <span class='ocrx_word' id='word_1_157' title='bbox 685 1782 840 1867; x_wconf 89' lang='lat' dir='ltr'><strong>sint,</strong></span> <span class='ocrx_word' id='word_1_158' title='bbox 889 1804 1051 1867; x_wconf 84' lang='lat' dir='ltr'><strong>quae</strong></span> <span class='ocrx_word' id='word_1_159' title='bbox 1096 1804 1213 1848; x_wconf 87' lang='lat' dir='ltr'><strong>sua</strong></span> <span class='ocrx_word' id='word_1_160' title='bbox 1259 1782 1532 1867; x_wconf 89' lang='lat' dir='ltr'><strong>quisque</strong></span> <span class='ocrx_word' id='word_1_161' title='bbox 1568 1782 1698 1848; x_wconf 83' lang='lat' dir='ltr'><strong>dici</strong></span> <span class='ocrx_word' id='word_1_162' title='bbox 1733 1782 1915 1866; x_wconf 84' lang='lat' dir='ltr'><strong>velit,</strong></span> <span class='ocrx_word' id='word_1_163' title='bbox 1959 1781 2126 1847; x_wconf 87' lang='lat' dir='ltr'><strong>nihil</strong></span> <span class='ocrx_word' id='word_1_164' title='bbox 2163 1786 2275 1866; x_wconf 87' lang='lat' dir='ltr'><strong>est,</strong></span> 
     </span>
     <span class='ocr_line' id='line_1_23' title="bbox 242 1870 2345 1957; baseline -0.001 -19"><span class='ocrx_word' id='word_1_165' title='bbox 242 1870 415 1957; x_wconf 93' lang='lat' dir='ltr'><strong>quod</strong></span> <span class='ocrx_word' id='word_1_166' title='bbox 463 1871 802 1957; x_wconf 80' lang='lat' dir='ltr'><strong>quisquam</strong></span> <span class='ocrx_word' id='word_1_167' title='bbox 847 1895 1033 1938; x_wconf 85' lang='lat' dir='ltr'><strong>suum</strong></span> <span class='ocrx_word' id='word_1_168' title='bbox 1079 1872 1288 1957; x_wconf 84' lang='lat' dir='ltr'><strong>possit</strong></span> <span class='ocrx_word' id='word_1_169' title='bbox 1332 1870 1555 1938; x_wconf 88' lang='lat' dir='ltr'><strong>dicere.</strong></span> <span class='ocrx_word' id='word_1_170' title='bbox 1629 1871 1740 1937; x_wconf 89' lang='lat' dir='ltr'><strong>ille</strong></span> <span class='ocrx_word' id='word_1_171' title='bbox 1784 1893 1936 1937; x_wconf 84' lang='lat' dir='ltr'><strong>vero</strong></span> <span class='ocrx_word' id='word_1_172' title='bbox 1982 1871 2277 1938; x_wconf 72' lang='lat' dir='ltr'><strong>fortimae</strong></span> <span class='ocrx_word' id='word_1_173' title='bbox 2313 1887 2345 1936; x_wconf 72' lang='lat'>2</span> 
     </span>
     <span class='ocr_line' id='line_1_24' title="bbox 239 1959 2277 2048; baseline 0 -22"><span class='ocrx_word' id='word_1_174' title='bbox 239 1960 705 2048; x_wconf 83' lang='lat' dir='ltr'><strong>benignitatem</strong></span> <span class='ocrx_word' id='word_1_175' title='bbox 758 1984 798 2025; x_wconf 80' lang='lat' dir='ltr'><strong>a</strong></span> <span class='ocrx_word' id='word_1_176' title='bbox 851 1984 918 2026; x_wconf 89' lang='lat' dir='ltr'><strong>se</strong></span> <span class='ocrx_word' id='word_1_177' title='bbox 962 1983 1095 2027; x_wconf 91' lang='lat' dir='ltr'><strong>non</strong></span> <span class='ocrx_word' id='word_1_178' title='bbox 1142 1960 1571 2028; x_wconf 80' lang='lat' dir='ltr'><strong>summovebit</strong></span> <span class='ocrx_word' id='word_1_179' title='bbox 1616 1965 1681 2026; x_wconf 92' lang='lat' dir='ltr'><strong>et</strong></span> <span class='ocrx_word' id='word_1_180' title='bbox 1725 1959 2113 2045; x_wconf 81' lang='lat' dir='ltr'><strong>patrimonio</strong></span> <span class='ocrx_word' id='word_1_181' title='bbox 2160 1983 2277 2046; x_wconf 90' lang='lat' dir='ltr'><strong>per</strong></span> 
     </span>
     <span class='ocr_line' id='line_1_25' title="bbox 239 2049 2277 2136; baseline -0.001 -20"><span class='ocrx_word' id='word_1_182' title='bbox 239 2051 513 2116; x_wconf 79' lang='lat' dir='ltr'><strong>honesta</strong></span> <span class='ocrx_word' id='word_1_183' title='bbox 565 2051 854 2135; x_wconf 74' lang='lat' dir='ltr'><strong>quaesito</strong></span> <span class='ocrx_word' id='word_1_184' title='bbox 899 2071 1018 2116; x_wconf 89' lang='lat' dir='ltr'><strong>nec</strong></span> <span class='ocrx_word' id='word_1_185' title='bbox 1064 2050 1446 2136; x_wconf 82' lang='lat' dir='ltr'><strong>gloriabitur</strong></span> <span class='ocrx_word' id='word_1_186' title='bbox 1489 2071 1608 2115; x_wconf 91' lang='lat' dir='ltr'><strong>nec</strong></span> <span class='ocrx_word' id='word_1_187' title='bbox 1654 2050 1995 2116; x_wconf 88' lang='lat' dir='ltr'><strong>erubescet.</strong></span> <span class='ocrx_word' id='word_1_188' title='bbox 2085 2049 2277 2116; x_wconf 83' lang='lat' dir='ltr'><strong>habe-</strong></span> 
     </span>
     <span class='ocr_line' id='line_1_26' title="bbox 239 2139 2277 2225; baseline 0 -21"><span class='ocrx_word' id='word_1_189' title='bbox 239 2139 340 2204; x_wconf 91' lang='lat' dir='ltr'><strong>bit</strong></span> <span class='ocrx_word' id='word_1_190' title='bbox 383 2143 602 2205; x_wconf 85' lang='lat' dir='ltr'><strong>tamen</strong></span> <span class='ocrx_word' id='word_1_191' title='bbox 645 2139 840 2205; x_wconf 82' lang='lat' dir='ltr'><strong>etiam</strong></span> <span class='ocrx_word' id='word_1_192' title='bbox 886 2160 1014 2223; x_wconf 92' lang='lat' dir='ltr'><strong>quo</strong></span> <span class='ocrx_word' id='word_1_193' title='bbox 1061 2140 1401 2225; x_wconf 88' lang='lat' dir='ltr'><strong>glorietur,</strong></span> <span class='ocrx_word' id='word_1_194' title='bbox 1454 2140 1510 2203; x_wconf 90' lang='lat' dir='ltr'><strong>si</strong></span> <span class='ocrx_word' id='word_1_195' title='bbox 1555 2143 1777 2223; x_wconf 84' lang='lat' dir='ltr'><strong>aperta</strong></span> <span class='ocrx_word' id='word_1_196' title='bbox 1820 2139 2014 2204; x_wconf 92' lang='lat' dir='ltr'><strong>domo</strong></span> <span class='ocrx_word' id='word_1_197' title='bbox 2062 2143 2126 2204; x_wconf 87' lang='lat' dir='ltr'><strong>et</strong></span> <span class='ocrx_word' id='word_1_198' title='bbox 2170 2140 2277 2204; x_wconf 84' lang='lat' dir='ltr'><strong>ad-</strong></span> 
     </span>
     <span class='ocr_line' id='line_1_27' title="bbox 240 2227 2276 2313; baseline 0 -19"><span class='ocrx_word' id='word_1_199' title='bbox 240 2228 440 2294; x_wconf 80' lang='lat' dir='ltr'><strong>missa</strong></span> <span class='ocrx_word' id='word_1_200' title='bbox 495 2227 566 2293; x_wconf 91' lang='lat' dir='ltr'><strong>in</strong></span> <span class='ocrx_word' id='word_1_201' title='bbox 620 2249 723 2294; x_wconf 93' lang='lat' dir='ltr'><strong>res</strong></span> <span class='ocrx_word' id='word_1_202' title='bbox 779 2249 924 2294; x_wconf 88' lang='lat' dir='ltr'><strong>suas</strong></span> <span class='ocrx_word' id='word_1_203' title='bbox 971 2227 1228 2300; x_wconf 85' lang='lat' dir='ltr'><strong>civitate</strong></span> <span class='ocrx_word' id='word_1_204' title='bbox 1274 2228 1514 2313; x_wconf 90' lang='lat' dir='ltr'><strong>poterit</strong></span> <span class='ocrx_word' id='word_1_205' title='bbox 1558 2227 1791 2294; x_wconf 78' lang='lat' dir='ltr'><strong>dicere:</strong></span> <span class='ocrx_word' id='word_1_206' title='bbox 1851 2227 1870 2257; x_wconf 72' lang='lat'><em>‘</em></span> <span class='ocrx_word' id='word_1_207' title='bbox 1885 2227 2057 2313; x_wconf 89' lang='lat' dir='ltr'><strong>quod</strong></span> <span class='ocrx_word' id='word_1_208' title='bbox 2106 2229 2276 2312; x_wconf 88' lang='lat' dir='ltr'><strong>quis-</strong></span> 
     </span>
     <span class='ocr_line' id='line_1_28' title="bbox 239 2317 2277 2490; baseline -0 -19"><span class='ocrx_word' id='word_1_209' title='bbox 239 2320 832 2490; x_wconf 56' lang='grc' dir='ltr'><strong>ἓῖἐωᾙῗζῖῗὲὲι</strong></span> <span class='ocrx_word' id='word_1_210' title='bbox 845 2317 1051 2471; x_wconf 36' lang='lat' dir='ltr'><strong>iffi·</strong></span> <span class='ocrx_word' id='word_1_211' title='bbox 1085 2322 2277 2472; x_wconf 49' lang='lat' dir='ltr'><strong>mssefflffias&#39;ffissuzriffffissss</strong></span> 
     </span>
     <span class='ocr_line' id='line_1_29' title="bbox 239 2494 2274 2579; baseline -0.002 -17"><span class='ocrx_word' id='word_1_212' title='bbox 239 2495 415 2562; x_wconf 85' lang='lat' dir='ltr'><strong>dico:</strong></span> <span class='ocrx_word' id='word_1_213' title='bbox 453 2495 510 2561; x_wconf 88' lang='lat' dir='ltr'><strong>si</strong></span> <span class='ocrx_word' id='word_1_214' title='bbox 543 2498 687 2560; x_wconf 87' lang='lat' dir='ltr'><strong>tuto</strong></span> <span class='ocrx_word' id='word_1_215' title='bbox 725 2499 792 2560; x_wconf 91' lang='lat' dir='ltr'><strong>et</strong></span> <span class='ocrx_word' id='word_1_216' title='bbox 826 2516 1084 2562; x_wconf 86' lang='lat' dir='ltr'><strong>securus</strong></span> <span class='ocrx_word' id='word_1_217' title='bbox 1123 2495 1581 2562; x_wconf 78' lang='lat' dir='ltr'><strong>scrutationem</strong></span> <span class='ocrx_word' id='word_1_218' title='bbox 1617 2494 1861 2579; x_wconf 90' lang='lat' dir='ltr'><strong>populo</strong></span> <span class='ocrx_word' id='word_1_219' title='bbox 1891 2494 2274 2579; x_wconf 82' lang='lat' dir='ltr'><strong>praebuerit,</strong></span> 
     </span>
     <span class='ocr_line' id='line_1_30' title="bbox 240 2583 2273 2671; baseline -0 -21"><span class='ocrx_word' id='word_1_220' title='bbox 240 2584 297 2650; x_wconf 92' lang='lat' dir='ltr'><strong>si</strong></span> <span class='ocrx_word' id='word_1_221' title='bbox 359 2583 528 2649; x_wconf 88' lang='lat' dir='ltr'><strong>nihil</strong></span> <span class='ocrx_word' id='word_1_222' title='bbox 585 2583 926 2669; x_wconf 82' lang='lat' dir='ltr'><strong>quisquam</strong></span> <span class='ocrx_word' id='word_1_223' title='bbox 989 2587 1148 2671; x_wconf 87' lang='lat' dir='ltr'><strong>aput</strong></span> <span class='ocrx_word' id='word_1_224' title='bbox 1200 2585 1388 2649; x_wconf 90' lang='lat' dir='ltr'><strong>illum</strong></span> <span class='ocrx_word' id='word_1_225' title='bbox 1447 2583 1786 2667; x_wconf 85' lang='lat' dir='ltr'><strong>invenerit,</strong></span> <span class='ocrx_word' id='word_1_226' title='bbox 1847 2585 2001 2668; x_wconf 87' lang='lat' dir='ltr'><strong>quoi</strong></span> <span class='ocrx_word' id='word_1_227' title='bbox 2048 2605 2273 2649; x_wconf 82' lang='lat' dir='ltr'><strong>manus</strong></span> 
     </span>
     <span class='ocr_line' id='line_1_31' title="bbox 240 2671 2345 2758; baseline -0.001 -20"><span class='ocrx_word' id='word_1_228' title='bbox 240 2673 483 2757; x_wconf 83' lang='lat' dir='ltr'><strong>iniciat,</strong></span> <span class='ocrx_word' id='word_1_229' title='bbox 517 2673 842 2739; x_wconf 80' lang='lat' dir='ltr'><strong>audaciter</strong></span> <span class='ocrx_word' id='word_1_230' title='bbox 877 2676 941 2738; x_wconf 89' lang='lat' dir='ltr'><strong>et</strong></span> <span class='ocrx_word' id='word_1_231' title='bbox 974 2673 1309 2758; x_wconf 84' lang='lat' dir='ltr'><strong>propalam</strong></span> <span class='ocrx_word' id='word_1_232' title='bbox 1339 2672 1461 2738; x_wconf 89' lang='lat' dir='ltr'><strong>erit</strong></span> <span class='ocrx_word' id='word_1_233' title='bbox 1486 2673 1680 2738; x_wconf 79' lang='lat' dir='ltr'><strong>dives.</strong></span> <span class='ocrx_word' id='word_1_234' title='bbox 1744 2671 1996 2756; x_wconf 87' lang='lat' dir='ltr'><strong>sapiens</strong></span> <span class='ocrx_word' id='word_1_235' title='bbox 2023 2672 2275 2737; x_wconf 89' lang='lat' dir='ltr'><strong>nullum</strong></span> <span class='ocrx_word' id='word_1_236' title='bbox 2313 2686 2345 2735; x_wconf 80' lang='grc'>3</span> 
     </span>
     <span class='ocr_line' id='line_1_32' title="bbox 244 2761 2275 2846; baseline -0 -19"><span class='ocrx_word' id='word_1_237' title='bbox 244 2761 576 2827; x_wconf 82' lang='lat' dir='ltr'><strong>denarium</strong></span> <span class='ocrx_word' id='word_1_238' title='bbox 634 2761 804 2828; x_wconf 83' lang='lat' dir='ltr'><strong>intra</strong></span> <span class='ocrx_word' id='word_1_239' title='bbox 859 2762 1058 2827; x_wconf 89' lang='lat' dir='ltr'><strong>limen</strong></span> <span class='ocrx_word' id='word_1_240' title='bbox 1117 2784 1306 2827; x_wconf 89' lang='lat' dir='ltr'><strong>suum</strong></span> <span class='ocrx_word' id='word_1_241' title='bbox 1352 2761 1647 2827; x_wconf 78' lang='lat' dir='ltr'><strong>admittet</strong></span> <span class='ocrx_word' id='word_1_242' title='bbox 1690 2761 1858 2826; x_wconf 82' lang='lat' dir='ltr'><strong>mele</strong></span> <span class='ocrx_word' id='word_1_243' title='bbox 1902 2761 2275 2846; x_wconf 82' lang='lat' dir='ltr'><strong>intrantem3</strong></span> 
     </span>
    </p>
   </div>
   <div class='ocr_carea' id='block_1_6' title="bbox 240 2970 2276 3114">
    <p class='ocr_par' dir='ltr' id='par_1_7' title="bbox 240 2970 2276 3114">
     <span class='ocr_line' id='line_1_33' title="bbox 424 2970 2276 3074; baseline 0 -48"><span class='ocrx_word' id='word_1_244' title='bbox 424 2970 455 3026; x_wconf 94' lang='lat'>1</span> <span class='ocrx_word' id='word_1_245' title='bbox 508 2973 685 3042; x_wconf 80' lang='lat' dir='ltr'><strong>precii</strong></span> <span class='ocrx_word' id='word_1_246' title='bbox 728 2975 770 3024; x_wconf 87' lang='lat'><strong>&#39;7</strong></span> <span class='ocrx_word' id='word_1_247' title='bbox 818 2972 902 3027; x_wconf 82' lang='lat' dir='ltr'><strong>A⁶</strong></span> <span class='ocrx_word' id='word_1_248' title='bbox 949 2989 1019 3056; x_wconf 60' lang='grc' dir='ltr'><strong>σεξ</strong></span> <span class='ocrx_word' id='word_1_249' title='bbox 1062 2971 1144 3058; x_wconf 68' lang='lat' dir='ltr'><strong>A}</strong></span> <span class='ocrx_word' id='word_1_250' title='bbox 1201 2974 1479 3041; x_wconf 58' lang='lat' dir='ltr'><strong>scriptura</strong></span> <span class='ocrx_word' id='word_1_251' title='bbox 1535 2972 1853 3055; x_wconf 60' lang='lat' dir='ltr'><strong>dispicitur:</strong></span> <span class='ocrx_word' id='word_1_252' title='bbox 1915 2971 2064 3041; x_wconf 84' lang='lat' dir='ltr'><strong>preti</strong></span> <span class='ocrx_word' id='word_1_253' title='bbox 2116 3012 2127 3025; x_wconf 93' lang='lat'><strong>.</strong></span> <span class='ocrx_word' id='word_1_254' title='bbox 2160 3013 2172 3026; x_wconf 91' lang='lat'><strong>.</strong></span> <span class='ocrx_word' id='word_1_255' title='bbox 2205 3013 2217 3026; x_wconf 91' lang='lat'><strong>.</strong></span> <span class='ocrx_word' id='word_1_256' title='bbox 2252 2973 2276 3074; x_wconf 59' lang='lat' dir='ltr'>u</span> 
     </span>
     <span class='ocr_line' id='line_1_34' title="bbox 240 3041 2246 3114; baseline -0 -16"><span class='ocrx_word' id='word_1_257' title='bbox 240 3042 281 3098; x_wconf 76' lang='lat'>4</span> <span class='ocrx_word' id='word_1_258' title='bbox 315 3042 644 3114; x_wconf 79' lang='lat' dir='ltr'><strong>meldendes</strong></span> <span class='ocrx_word' id='word_1_259' title='bbox 671 3041 756 3098; x_wconf 84' lang='lat' dir='ltr'><strong>A²</strong></span> <span class='ocrx_word' id='word_1_260' title='bbox 789 3043 886 3099; x_wconf 80' lang='lat' dir='ltr'><strong>sed</strong></span> <span class='ocrx_word' id='word_1_261' title='bbox 921 3060 960 3097; x_wconf 92' lang='lat' dir='ltr'><strong>n</strong></span> <span class='ocrx_word' id='word_1_262' title='bbox 993 3061 1059 3099; x_wconf 84' lang='lat' dir='ltr'><strong>m</strong></span> <span class='ocrx_word' id='word_1_263' title='bbox 1093 3061 1144 3098; x_wconf 88' lang='lat' dir='ltr'><strong>n</strong></span> <span class='ocrx_word' id='word_1_264' title='bbox 1178 3050 1393 3099; x_wconf 79' lang='lat' dir='ltr'><strong>mutare</strong></span> <span class='ocrx_word' id='word_1_265' title='bbox 1416 3043 1591 3098; x_wconf 64' lang='lat' dir='ltr'><strong>volunt</strong></span> <span class='ocrx_word' id='word_1_266' title='bbox 1614 3043 1742 3109; x_wconf 79' lang='lat' dir='ltr'><strong>fort.</strong></span> <span class='ocrx_word' id='word_1_267' title='bbox 1773 3042 1857 3097; x_wconf 60' lang='grc' dir='ltr'><strong>Α)</strong></span> <span class='ocrx_word' id='word_1_268' title='bbox 1880 3043 1901 3114; x_wconf 72' lang='grc' dir='ltr'><strong><em>Η</em></strong></span> <span class='ocrx_word' id='word_1_269' title='bbox 1934 3042 1971 3098; x_wconf 81' lang='lat'>5</span> <span class='ocrx_word' id='word_1_270' title='bbox 1997 3058 2165 3112; x_wconf 86' lang='lat' dir='ltr'><strong>quem</strong></span> <span class='ocrx_word' id='word_1_271' title='bbox 2192 3045 2246 3098; x_wconf 98' lang='lat' dir='ltr'><strong><em>A</em></strong></span> 
     </span>
    </p>
   </div>
   <div class='ocr_carea' id='block_1_7' title="bbox 165 3113 2274 3217">
    <p class='ocr_par' dir='ltr' id='par_1_8' title="bbox 165 3113 2274 3217">
     <span class='ocr_line' id='line_1_35' title="bbox 165 3113 2274 3217; baseline 0 -49"><span class='ocrx_word' id='word_1_272' title='bbox 165 3163 171 3168; x_wconf 87' lang='lat'><strong>.</strong></span> <span class='ocrx_word' id='word_1_273' title='bbox 237 3131 361 3170; x_wconf 64' lang='lat' dir='ltr'><strong>av.</strong></span> <span class='ocrx_word' id='word_1_274' title='bbox 398 3129 570 3183; x_wconf 83' lang='lat' dir='ltr'><strong>quam</strong></span> <span class='ocrx_word' id='word_1_275' title='bbox 605 3113 837 3217; x_wconf 54' lang='lat' dir='ltr'>21²stss</span> <span class='ocrx_word' id='word_1_276' title='bbox 872 3113 970 3170; x_wconf 86' lang='lat' dir='ltr'><strong>ille</strong></span> <span class='ocrx_word' id='word_1_277' title='bbox 1006 3115 1063 3169; x_wconf 85' lang='lat' dir='ltr'><strong><em>A</em></strong></span> <span class='ocrx_word' id='word_1_278' title='bbox 1105 3114 1126 3186; x_wconf 80' lang='grc' dir='ltr'><strong>ΙΙ</strong></span> <span class='ocrx_word' id='word_1_279' title='bbox 1168 3114 1205 3168; x_wconf 83' lang='grc'><strong>9</strong></span> <span class='ocrx_word' id='word_1_280' title='bbox 1241 3131 1546 3181; x_wconf 84' lang='lat' dir='ltr'><strong>summum;</strong></span> <span class='ocrx_word' id='word_1_281' title='bbox 1585 3114 1660 3168; x_wconf 81' lang='lat' dir='ltr'><strong>ad</strong></span> <span class='ocrx_word' id='word_1_282' title='bbox 1697 3126 1732 3168; x_wconf 80' lang='grc' dir='ltr'><strong><em>ς</em></strong></span> <span class='ocrx_word' id='word_1_283' title='bbox 1767 3118 2001 3168; x_wconf 78' lang='lat' dir='ltr'><strong>summu.</strong></span> <span class='ocrx_word' id='word_1_284' title='bbox 2059 3129 2128 3168; x_wconf 88' lang='lat' dir='ltr'><strong>ac</strong></span> <span class='ocrx_word' id='word_1_285' title='bbox 2163 3117 2219 3169; x_wconf 91' lang='lat' dir='ltr'><strong><em>A</em></strong></span> <span class='ocrx_word' id='word_1_286' title='bbox 2254 3115 2274 3186; x_wconf 74' lang='grc' dir='ltr'><strong>ΙΙ</strong></span> 
     </span>
    </p>
   </div>
   <div class='ocr_carea' id='block_1_8' title="bbox 236 3183 2274 3544">
    <p class='ocr_par' dir='ltr' id='par_1_9' title="bbox 236 3183 2274 3544">
     <span class='ocr_line' id='line_1_36' title="bbox 238 3183 2271 3258; baseline -0 -17"><span class='ocrx_word' id='word_1_287' title='bbox 238 3183 313 3241; x_wconf 73' lang='lat'><strong>1⁰</strong></span> <span class='ocrx_word' id='word_1_288' title='bbox 348 3184 654 3256; x_wconf 78' lang='lat' dir='ltr'><strong>malignius</strong></span> <span class='ocrx_word' id='word_1_289' title='bbox 680 3188 736 3242; x_wconf 92' lang='lat' dir='ltr'><strong><em>A</em></strong></span> <span class='ocrx_word' id='word_1_290' title='bbox 799 3201 936 3242; x_wconf 82' lang='lat' dir='ltr'><strong>corr.</strong></span> <span class='ocrx_word' id='word_1_291' title='bbox 966 3185 1050 3241; x_wconf 81' lang='lat' dir='ltr'><strong>A⁶</strong></span> <span class='ocrx_word' id='word_1_292' title='bbox 1083 3185 1104 3258; x_wconf 80' lang='grc' dir='ltr'>Η</span> <span class='ocrx_word' id='word_1_293' title='bbox 1140 3185 1209 3241; x_wconf 90' lang='grc'><strong>18</strong></span> <span class='ocrx_word' id='word_1_294' title='bbox 1244 3186 1411 3240; x_wconf 80' lang='lat' dir='ltr'><strong>insua</strong></span> <span class='ocrx_word' id='word_1_295' title='bbox 1448 3185 1637 3255; x_wconf 71' lang='lat' dir='ltr'><strong>qui-(13</strong></span> <span class='ocrx_word' id='word_1_296' title='bbox 1678 3185 1818 3240; x_wconf 82' lang='lat' dir='ltr'><strong>dicit</strong></span> <span class='ocrx_word' id='word_1_297' title='bbox 1853 3183 1997 3240; x_wconf 87' lang='lat' dir='ltr'><strong>uelit</strong></span> <span class='ocrx_word' id='word_1_298' title='bbox 2025 3185 2108 3240; x_wconf 88' lang='lat' dir='ltr'><strong>A¹</strong></span> <span class='ocrx_word' id='word_1_299' title='bbox 2134 3201 2271 3240; x_wconf 83' lang='lat' dir='ltr'><strong>corr.</strong></span> 
     </span>
     <span class='ocr_line' id='line_1_37' title="bbox 237 3255 2271 3330; baseline 0 -18"><span class='ocrx_word' id='word_1_300' title='bbox 237 3259 304 3312; x_wconf 78' lang='lat' dir='ltr'><strong>in</strong></span> <span class='ocrx_word' id='word_1_301' title='bbox 339 3273 510 3327; x_wconf 71' lang='lat' dir='ltr'><strong>marq.</strong></span> <span class='ocrx_word' id='word_1_302' title='bbox 540 3255 625 3313; x_wconf 80' lang='lat' dir='ltr'><strong>A·</strong></span> <span class='ocrx_word' id='word_1_303' title='bbox 656 3256 688 3330; x_wconf 59' lang='grc' dir='ltr'><strong>ΙΙ,</strong></span> <span class='ocrx_word' id='word_1_304' title='bbox 720 3255 794 3312; x_wconf 90' lang='grc'><strong>22</strong></span> <span class='ocrx_word' id='word_1_305' title='bbox 867 3255 1141 3312; x_wconf 87' lang='lat' dir='ltr'><strong>lorientur</strong></span> <span class='ocrx_word' id='word_1_306' title='bbox 1172 3258 1227 3312; x_wconf 89' lang='lat' dir='ltr'><strong><em>A</em></strong></span> <span class='ocrx_word' id='word_1_307' title='bbox 1260 3257 1283 3330; x_wconf 84' lang='grc' dir='ltr'><strong>ΙΙ</strong></span> <span class='ocrx_word' id='word_1_308' title='bbox 1326 3256 1399 3312; x_wconf 82' lang='grc'><strong>24</strong></span> <span class='ocrx_word' id='word_1_309' title='bbox 1435 3273 1467 3310; x_wconf 92' lang='lat' dir='ltr'><strong>o</strong></span> <span class='ocrx_word' id='word_1_310' title='bbox 1506 3258 1676 3313; x_wconf 80' lang='lat' dir='ltr'><strong>altero</strong></span> <span class='ocrx_word' id='word_1_311' title='bbox 1715 3257 1828 3312; x_wconf 81' lang='lat' dir='ltr'><strong>loco</strong></span> <span class='ocrx_word' id='word_1_312' title='bbox 1866 3257 1994 3312; x_wconf 80' lang='lat' dir='ltr'><strong>add.</strong></span> <span class='ocrx_word' id='word_1_313' title='bbox 2026 3257 2271 3326; x_wconf 64' lang='lat' dir='ltr'><strong>Lipsius,</strong></span> 
     </span>
     <span class='ocr_line' id='line_1_38' title="bbox 237 3327 2273 3400; baseline -0 -16"><span class='ocrx_word' id='word_1_314' title='bbox 237 3327 341 3396; x_wconf 76' lang='lat' dir='ltr'><strong>cfr.</strong></span> <span class='ocrx_word' id='word_1_315' title='bbox 371 3330 523 3398; x_wconf 70' lang='lat' dir='ltr'><strong>epist.</strong></span> <span class='ocrx_word' id='word_1_316' title='bbox 551 3334 642 3396; x_wconf 86' lang='lat'><strong>-70,</strong></span> <span class='ocrx_word' id='word_1_317' title='bbox 666 3333 741 3387; x_wconf 78' lang='lat'><strong>21</strong></span> <span class='ocrx_word' id='word_1_318' title='bbox 777 3327 799 3400; x_wconf 85' lang='grc' dir='ltr'><strong>ΙΙ</strong></span> <span class='ocrx_word' id='word_1_319' title='bbox 871 3328 902 3383; x_wconf 79' lang='grc'><strong>7</strong></span> <span class='ocrx_word' id='word_1_320' title='bbox 941 3328 1073 3398; x_wconf 86' lang='lat' dir='ltr'><strong>quoi</strong></span> <span class='ocrx_word' id='word_1_321' title='bbox 1103 3329 1342 3400; x_wconf 71' lang='lat' dir='ltr'><strong>Madviy</strong></span> <span class='ocrx_word' id='word_1_322' title='bbox 1376 3330 1514 3398; x_wconf 88' lang='lat' dir='ltr'><strong>quot</strong></span> <span class='ocrx_word' id='word_1_323' title='bbox 1541 3327 1621 3387; x_wconf 63' lang='grc' dir='ltr'><strong>Δ*</strong></span> <span class='ocrx_word' id='word_1_324' title='bbox 1656 3327 1752 3383; x_wconf 76' lang='lat' dir='ltr'><strong>sed</strong></span> <span class='ocrx_word' id='word_1_325' title='bbox 1785 3345 1956 3398; x_wconf 76' lang='lat' dir='ltr'><strong>supra</strong></span> <span class='ocrx_word' id='word_1_326' title='bbox 1991 3330 2018 3382; x_wconf 87' lang='lat' dir='ltr'><strong>t</strong></span> <span class='ocrx_word' id='word_1_327' title='bbox 2046 3329 2273 3397; x_wconf 70' lang='lat' dir='ltr'><strong>punctis</strong></span> 
     </span>
     <span class='ocr_line' id='line_1_39' title="bbox 236 3399 2274 3470; baseline -0.001 -14"><span class='ocrx_word' id='word_1_328' title='bbox 236 3405 487 3456; x_wconf 75' lang='lat' dir='ltr'><strong>notatam</strong></span> <span class='ocrx_word' id='word_1_329' title='bbox 534 3400 721 3456; x_wconf 66' lang='lat' dir='ltr'><strong>littera</strong></span> <span class='ocrx_word' id='word_1_330' title='bbox 767 3399 962 3470; x_wconf 75' lang='lat' dir='ltr'><strong>aliqua</strong></span> <span class='ocrx_word' id='word_1_331' title='bbox 1031 3399 1126 3470; x_wconf 81' lang='lat' dir='ltr'><strong>d?)</strong></span> <span class='ocrx_word' id='word_1_332' title='bbox 1181 3401 1392 3470; x_wconf 75' lang='lat' dir='ltr'><strong>scripta</strong></span> <span class='ocrx_word' id='word_1_333' title='bbox 1436 3399 1583 3468; x_wconf 54' lang='lat' dir='ltr'><strong>suin</strong></span> <span class='ocrx_word' id='word_1_334' title='bbox 1627 3406 1820 3470; x_wconf 71' lang='lat' dir='ltr'><strong>postea</strong></span> <span class='ocrx_word' id='word_1_335' title='bbox 1868 3407 1921 3456; x_wconf 80' lang='lat' dir='ltr'><strong>et</strong></span> <span class='ocrx_word' id='word_1_336' title='bbox 1966 3401 2097 3457; x_wconf 73' lang='lat' dir='ltr'><strong>hacc</strong></span> <span class='ocrx_word' id='word_1_337' title='bbox 2146 3405 2199 3455; x_wconf 81' lang='lat' dir='ltr'><strong>et</strong></span> <span class='ocrx_word' id='word_1_338' title='bbox 2247 3403 2274 3453; x_wconf 87' lang='lat' dir='ltr'><strong>t</strong></span> 
     </span>
     <span class='ocr_line' id='line_1_40' title="bbox 239 3469 1746 3544; baseline 0 -18"><span class='ocrx_word' id='word_1_339' title='bbox 239 3487 431 3527; x_wconf 75' lang='lat' dir='ltr'><strong>erasae</strong></span> <span class='ocrx_word' id='word_1_340' title='bbox 465 3477 597 3528; x_wconf 72' lang='lat' dir='ltr'><strong>sunt</strong></span> <span class='ocrx_word' id='word_1_341' title='bbox 630 3470 652 3543; x_wconf 78' lang='grc'><strong>11</strong></span> <span class='ocrx_word' id='word_1_342' title='bbox 685 3469 758 3527; x_wconf 89' lang='grc'><strong>28</strong></span> <span class='ocrx_word' id='word_1_343' title='bbox 795 3470 1012 3544; x_wconf 74' lang='lat' dir='ltr'><strong>audac]</strong></span> <span class='ocrx_word' id='word_1_344' title='bbox 1030 3473 1121 3528; x_wconf 87' lang='lat' dir='ltr'><strong>ter</strong></span> <span class='ocrx_word' id='word_1_345' title='bbox 1145 3477 1197 3527; x_wconf 82' lang='lat' dir='ltr'><strong><em>A</em></strong></span> <span class='ocrx_word' id='word_1_346' title='bbox 1234 3473 1393 3542; x_wconf 76' lang='lat' dir='ltr'><strong>(eras,</strong></span> <span class='ocrx_word' id='word_1_347' title='bbox 1424 3471 1468 3540; x_wconf 86' lang='lat' dir='ltr'><strong>i)</strong></span> <span class='ocrx_word' id='word_1_348' title='bbox 1742 3491 1746 3495; x_wconf 94' lang='lat'>·</span> 
     </span>
    </p>
   </div>
  </div>
 </body>
</html>
