2544 3746
285 34 290 41 ’
401 72 503 127 AD
542 70 930 127 PAVLINVM
966 71 1065 125 DE
1103 70 1525 126 BREvrrATE
1553 70 1777 127 VITAE
1817 70 1970 127 cAP.
2002 76 2049 125 ⁶.
2083 78 2113 125 ⁷
2199 75 2327 139 287

278 218 508 303 <nec>
573 217 1012 284 velocissimae
1088 218 1378 283 omnium
1442 217 1537 284 rei
1601 239 1848 283 moram
1914 219 2154 301 facitis,
2221 219 2331 283 sed

279 310 457 373 abire
504 310 579 371 ut
623 329 758 372 rem
806 328 1269 409 supervacuam
1316 329 1392 371 ac
1437 308 1864 392 reparabilem
1912 308 2140 374 sinitis.

462 394 604 461 VII.
678 395 756 462 In
810 397 1038 481 primis
1095 400 1311 461 autem
1359 399 1425 461 et
1468 398 1617 463 illos
1662 419 1961 481 numero,
2010 396 2122 481 qui
2166 396 2334 460 nulli
2372 412 2399 460 1

278 488 376 551 rei
437 486 567 551 nisi
630 488 782 551 vino
849 507 925 551 ac
986 485 1243 550 libidini
1282 490 1562 570 ·;vacant
1623 488 1791 551 nulli
1850 488 2021 551 enim
2077 486 2332 571 turpius

183 596 212 637 5
281 576 582 660 occupati
643 578 808 641 sunt.
903 576 1100 640 ceteri
1161 575 1357 640 etiam
1418 575 1474 640 si
1530 597 1697 638 vana
1752 576 1995 661 gloriae
2051 575 2334 662 imagine

279 669 646 748 teneantur,
712 664 1002 749 speciose
1065 668 1284 730 tamen
1348 667 1590 748 errant3
1652 664 1808 729 licet
1868 686 2093 730 avaros
2155 665 2333 748 mihi,

278 754 433 819 licet
495 754 839 819 iracundos
904 777 1236 819 enumeres
1297 755 1401 819 vel
1461 754 1610 819 odia
1668 756 2034 820 exercentes
2095 754 2337 831 iniusta

280 845 385 908 vel
442 844 642 928 bella,
701 865 924 908 omnes
980 843 1091 908 isti
1135 844 1389 908 virilius
1445 848 1743 927 peccant:
1806 845 1877 909 in
1922 847 2213 909 ventrem
2260 864 2337 907 ac

277 933 618 997 libidinem
697 934 1135 1017 proiectorum
1190 932 1553 1006 ,inhonesta
1622 933 1799 998 labes
1875 937 1987 998 est.
2040 932 2043 935 ’
2118 932 2337 998 omnia
2371 949 2403 996 2

185 1042 244 1083 ιο
280 1023 556 1086 istorum
615 1025 912 1105 tempora
965 1024 1220 1105 excute,
1277 1022 1491 1105 aspice
1540 1043 1733 1105 quam
1782 1022 1895 1086 diu
1941 1024 2337 1105 computent,

281 1131 479 1194 quam
545 1110 656 1175 diu
717 1111 1132 1195 insidientur,
1192 1133 1388 1195 quam
1448 1110 1560 1175 diu
1620 1112 1917 1194 timeant,
1975 1132 2169 1194 quam
2225 1109 2337 1174 diu

282 1201 527 1285 colant,
593 1221 788 1283 quam
853 1200 966 1265 diu
1029 1202 1354 1285 colantur,
1414 1204 1728 1284 quantum
1790 1200 2160 1266 vadimonia
2220 1222 2337 1266 sua

267 1293 475 1374 -atque
536 1290 746 1353 aliena
810 1293 1156 1373 occupent,
1220 1293 1537 1373 quantum
1597 1290 1923 1372 convivia,
1982 1311 2145 1374 quae
2204 1289 2335 1353 iam

281 1380 423 1462 ipsa
465 1378 683 1443 officia
721 1381 896 1443 sunt:
942 1378 1216 1462 videbis,
1256 1378 1799 1462 quemadmodum
1836 1379 1984 1443 illos
2021 1378 2336 1462 respirare

186 1487 244 1528 ιε
280 1489 417 1532 ιιοιι
463 1468 679 1533 sinant
723 1467 830 1533 vel
873 1468 1044 1533 mala
1089 1490 1206 1534 sua
1251 1468 1355 1533 vel
1399 1467 1586 1533 bona.

461 1556 756 1641 Denique
814 1558 984 1622 inter
1045 1578 1266 1623 omnes
1328 1558 1633 1622 convenit
1689 1558 1937 1622 nullam
1992 1579 2129 1622 rem
2174 1557 2337 1622 bene
2373 1572 2405 1621 3

283 1648 562 1713 exerceri
617 1667 808 1731 posse
864 1648 943 1711 ab
1000 1647 1262 1711 homine
1310 1649 1658 1731 occupato,
1702 1668 1836 1711 non
1881 1647 2335 1730 eloquentiam,

280 1758 416 1800 non
485 1736 783 1801 liberales
858 1736 1261 1820 disciplinas,
1339 1735 1598 1819 quando
1672 1736 2037 1800 districtus>
2078 1736 2334 1801 animus

279 1824 450 1890 nihil
496 1825 690 1890 altius
735 1825 993 1910 recipit,
1051 1824 1162 1891 sed
1208 1824 1431 1891 omnia
1475 1824 1655 1890 velut
1700 1825 2023 1891 inculcata
2068 1826 2333 1910 respuit.

186 1935 246 1976 ιο
280 1914 450 1978 nihil
493 1915 709 1978 minus
757 1918 855 1980 est
899 1915 1181 1980 hominis
1231 1915 1533 2000 occupati
1570 1936 1763 1998 quam
1801 1915 2043 1981 vivere:
2088 1915 2333 1980 nullius

282 2004 378 2068 rei
422 2003 753 2068 difficilior
799 2004 1066 2069 scientia
1110 2008 1224 2070 est.
1317 2004 1714 2088 professores
1771 2003 2044 2070 aliarum
2097 2004 2335 2069 artium

282 2092 479 2178 volgo
541 2093 860 2175 multique
921 2097 1100 2176 sunt,
1155 2093 1465 2177 quasdam
1521 2114 1674 2157 vero
1723 2114 1804 2158 ex
1847 2093 1950 2158 his
1996 2093 2184 2177 pueri
2230 2092 2336 2157 ad-

282 2182 550 2246 modum
610 2182 703 2246 ita
760 2181 1122 2266 percepisse
1181 2182 1308 2246 visi
1362 2184 1540 2265 sunt,
1596 2185 1671 2246 ut
1724 2182 1919 2247 etiam
1966 2183 2335 2266 praecipere

281 2274 576 2354 possent:
621 2271 836 2335 vivere
881 2273 1022 2335 tota
1066 2270 1202 2335 vita'
1240 2270 1615 2336 discendum
1654 2275 1753 2336 est
1788 2275 1880 2354 et,
1914 2271 2089 2356 quod
2126 2272 2333 2357 magis

186 2379 245 2420 25
283 2359 558 2425 fortasse
614 2359 974 2442 miraberis,
1029 2363 1170 2425 tota
1213 2361 1350 2425 vita
1396 2360 1771 2426 discendum
1818 2364 1917 2426 est
1961 2361 2143 2425 mori.
2236 2365 2337 2425 tot
2373 2376 2407 2424 4

283 2449 551 2514 maximi
585 2449 711 2513 viri
747 2449 989 2514 relictis
1029 2449 1327 2515 omnibus
1366 2450 1869 2534 impedimentis,
1908 2471 2057 2515 cum
2092 2449 2335 2515 divitiis

285 2538 519 2604 officiis
570 2538 1028 2622 >voluptatibus
1091 2538 1593 2623 renuntiassent,
1656 2539 1784 2604 hoc
1841 2561 2045 2604 unum
2102 2539 2173 2604 in
2232 2561 2336 2604 ex-

282 2631 557 2692 tremam
591 2649 797 2711 usque
835 2630 1109 2692 aetatem
1138 2631 1435 2714 egerunt,
1469 2631 1544 2692 ut
1570 2628 1787 2694 vivere
1815 2629 2078 2712 scirent3
2114 2629 2334 2713 plures

282 2720 502 2782 tamen
560 2738 641 2782 ex
693 2717 796 2781 his
850 2717 1139 2781 nondum
1195 2738 1262 2782 se
1311 2718 1472 2783 scire
1518 2716 1796 2783 confessi
1841 2718 1977 2783 vita
2022 2717 2335 2800 abierunt,

465 2945 497 3000 1
535 2962 641 3001 nec
677 2945 974 3030 add.v019.
1013 2963 1083 3000 ex
1110 2958 1145 3000 ς
1175 2946 1192 3032 1
1232 2946 1589 3002 uelocissime
1627 2947 1741 3002 omi
1768 2948 1826 3002 A
1863 2963 2000 3003 corr
2030 2949 2165 3018 υοῖρ.
2198 2966 2267 3002 ex
2302 2961 2337 3002 ς

283 3015 542 3073 retinetis
578 3015 670 3072 vel
705 3017 1002 3073 ocissimae
1039 3018 1291 3072 omnium
1328 3017 1411 3073 rei
1449 3018 1720 3073 Schultess
1758 3018 1765 3088 Ι
1821 3017 1859 3073 8
1894 3036 2000 3089 cap
2002 3020 2164 3074 ,VII
2194 3019 2278 3091 §§
2305 3026 2336 3074 1

283 3095 338 3143 et
367 3091 410 3142 2
451 3089 542 3142 hic
577 3105 692 3144 non
726 3105 827 3143 suo
865 3089 978 3143 loco
1015 3090 1149 3160 ῑερι,
1193 3090 1291 3144 sed
1324 3090 1515 3158 aptius
1550 3089 1627 3144 ad
1664 3091 1766 3145 XI
1797 3092 1837 3144 Ι
1870 3093 2073 3160 eapitis
2108 3092 2335 3146 initium

283 3159 582 3226 transfero-t
617 3162 829 3215 censuit
860 3160 1052 3227 Gertz;
1087 3162 1180 3215 sed
1213 3161 1341 3216 vide
1376 3178 1516 3230 quae
1541 3161 1666 3216 Joh.
1688 3162 1902 3218 Μιϊῑῑον
1927 3165 1992 3217 in
2023 3169 2128 3218 act.
2155 3162 2333 3217 Aead.

296 3231 525 3286 Vindob.
569 3231 678 3287 CX
688 3233 920 3301 VIII
926 3237 1036 3287 .31
1084 3233 1335 3302 exposuit
1377 3232 1397 3306 ΙΙ
1446 3233 1481 3286 5
1529 3231 1712 3302 gloria
1750 3233 1834 3288 Αι
1868 3250 2005 3290 corr.
2035 3252 2106 3288 m.
2136 3234 2223 3306 2}
2274 3235 2333 3287 in

282 3301 513 3386 megine
554 3303 611 3358 A
659 3303 680 3375 ΙΙ
732 3303 761 3357 ’2
807 3305 972 3358 verba
1016 3303 1320 3358 iracundos
1358 3319 1675 3372 enumeres,
1712 3322 1751 3360 a
1777 3306 1971 3375 prima
2006 3324 2075 3360 m.
2116 3307 2334 3370 omissa,

283 3375 348 3430 in
373 3375 624 3445 maryine
648 3375 922 3444 supplemt
947 3374 1032 3430 Α*
1048 3375 1068 3447 Η
1094 3375 1174 3430 8
1157 3393 1218 3429 ιιι
1244 3377 1497 3430 ventrem
1516 3388 1551 3430 ς
1578 3377 1900 3433 inuenerem
1921 3379 1978 3433 A
2005 3376 2026 3449 ΙΙ
2050 3377 2085 3431 9
2112 3375 2271 3430 labes
2302 3388 2335 3428 ς

283 3444 447 3500 tabes
475 3446 532 3501 A
567 3445 588 3517 ΙΙ
625 3444 695 3500 19
731 3445 891 3501 uelut
917 3448 973 3502 A
1010 3446 1101 3502 vel
1129 3447 1364 3504 Wolters
1396 3447 1418 3520 Η
1452 3447 1525 3502 29
1559 3448 1699 3504 uita.
1730 3449 1785 3504 A
