2544 3746
134 1061 188 1101 10

433 91 534 147 AD
572 90 914 147 MARCLAM
948 92 1048 147 DE
1085 90 1643 147 CONSOLATIONE
1680 89 1835 145 CAP.
1864 96 1949 145 25.
1981 94 2048 145 26
2137 92 2259 159 191

224 242 576 325 cognatum
619 242 718 305 est
753 274 840 287 —
877 236 1160 323 adplicat
1204 236 1328 302 sihi
1370 258 1542 302 nova
1584 237 1728 301 luce
1772 235 2158 323 gaudentem
2199 239 2266 301 et

223 327 586 395 vicinorum
653 326 936 393 siderum
994 329 1243 391 meatus
1301 325 1517 409 docet,
1582 345 1702 391 nec
1759 347 1840 391 ex
1897 325 2267 391 coniectura

223 416 337 483 sed
393 417 683 482 omnium
741 438 822 482 ex
874 436 1026 482 vero
1070 414 1318 501 peritus
1360 414 1432 479 in
1474 436 1708 480 arcana
1748 418 2015 479 naturae
2057 414 2265 479 libens

225 505 432 592 ducit3
502 509 703 591 utque
783 505 1154 608 ignotarum
1224 504 1483 573 urbium
1556 508 1950 569 monstrator
2020 503 2265 588 hospiti

223 599 448 682 gratus
495 598 618 679 est,
663 594 756 660 ita
800 593 1153 661 sciscitanti
1197 592 1568 659 caelestium
1616 614 1839 659 causas
1877 592 2265 658 domesticus

221 684 556 770 interpres.
647 688 712 749 et
769 683 839 749 in
896 682 1218 768 profunda
1270 686 1585 748 terrarum
1641 682 2009 785 permittere
2063 682 2264 748 aciem

221 772 416 857 iubet3
467 773 649 838 iuvat
693 772 864 838 enim
912 794 993 838 ex
1038 773 1170 837 alto
1216 772 1443 838 relicta
1486 772 1818 856 respicere.
1911 771 2004 837 sic
2048 771 2267 855 itaque

223 861 642 946 te,Marc1a,
705 884 880 949 gere,
942 865 1277 947 tamquam
1339 861 1460 928 sub
1525 860 1729 926 oculis
1788 861 1989 944 patris
2043 860 2267 945 filique

224 952 464 1036 posita,
522 973 656 1017 non
712 951 1004 1035 illorum,
1062 971 1226 1035 quos
1284 971 1587 1033 noveras,
1650 949 1760 1014 sed
1817 952 2001 1015 tanto
2066 949 2267 1015 excel·

225 1042 470 1106 siorum
530 1043 595 1105 et
651 1040 722 1105 in
775 1061 1030 1105 summo
1082 1039 1462 1105 locatorum.
1567 1039 1867 1104 erubesce
1921 1037 2267 1123 quicquam

222 1129 471 1196 humile
515 1133 630 1194 aut
673 1130 936 1215 volgare
979 1129 1248 1212 coqitarc
1291 1132 1356 1193 et
1401 1131 1684 1194 mutatos
1730 1128 1801 1192 in
1844 1128 2073 1193 melius
2119 1132 2267 1192 tuos

224 1218 406 1284 flere!
509 1221 912 1283 aeternarum
977 1237 1193 1283 rerum
1257 1239 1375 1302 per
1434 1217 1637 1283 libera
1699 1220 1765 1282 et
1821 1220 2004 1282 vasta
2061 1216 2271 1301 spatia

225 1307 477 1373 dimissi
509 1307 558 1390 †
592 1328 728 1373 non
769 1307 920 1373 illos
964 1306 1279 1372 interfusa
1322 1306 1526 1371 maria
1569 1305 1940 1371 discludunt
1973 1326 2093 1371 nec
2129 1305 2270 1370 alti-

224 1397 384 1462 tudo
444 1396 765 1462 montium
823 1399 938 1461 aut
986 1396 1200 1462 inviae
1252 1396 1453 1461 valles
1507 1398 1623 1460 aut
1673 1395 2061 1461 incertarum
2106 1394 2272 1459 vada

227 1484 544 1571 Syrtium:
588 1485 637 1568 †
682 1485 972 1551 omnium
1026 1486 1222 1587 plana
1276 1489 1341 1549 et
1394 1506 1475 1550 ex
1519 1483 1695 1550 facili
1740 1484 2010 1550 mobiles
2058 1488 2123 1550 et
2167 1505 2271 1549 ex-

223 1574 428 1660 pediti
482 1579 548 1640 et
599 1575 670 1640 in
713 1574 919 1641 vicem
964 1574 1170 1660 pervii
1215 1577 1369 1639 sunt
1411 1573 1895 1659 intermixtique
1941 1572 2270 1639 sideribus.

405 1680 641 1747 XXVI.
714 1680 882 1747 Puta
937 1680 1157 1765 itaque
1211 1702 1293 1746 ex
1342 1680 1458 1745 illa
1511 1701 1655 1746 arce
1710 1680 1969 1747 caelesti
2022 1684 2271 1765 patrem

223 1774 412 1837 tuum
422 1820 442 1855 ,
512 1769 782 1855 Marcia,
851 1768 976 1856 [et]
1049 1770 1155 1836 cui
1220 1773 1476 1835 tantum
1534 1773 1693 1854 aput
1748 1772 1813 1836 te
1874 1769 2271 1835 auctoritatis

225 1864 365 1928 erat
411 1865 725 1946 quantum
769 1859 892 1925 tibi
936 1863 1095 1944 aput
1137 1859 1348 1924 filium
1392 1863 1608 1943 tuum,
1649 1881 1786 1924 non
1828 1858 1944 1925 illo
1990 1859 2273 1947 ingenio,

406 2105 445 2161 4
479 2108 821 2162 monstrator
847 2119 883 2161 ς
924 2107 1270 2161 monstratus
1299 2105 1428 2161 AF
1462 2105 1470 2178 Ι
1530 2106 1567 2161 6
1611 2106 1762 2160 inter
1795 2106 2013 2174 prestet
2048 2104 2109 2159 in
2143 2121 2271 2174 p-ro

223 2177 407 2232 funda
425 2177 510 2233 A¹
537 2179 643 2245 (tet
659 2184 853 2248 postea
875 2180 1038 2247 eras.)
1072 2178 1093 2250 Η
1131 2177 1162 2232 7
1189 2175 1351 2231 iubet
1492 2178 1580 2232 idi
1606 2177 1697 2246 (cf.
1718 2176 1847 2232 adn.
1866 2176 2077 2232 Hensei
2094 2175 2271 2245 adep.

214 2268 278 2320 p.
310 2255 400 2315 79,
417 2252 511 2319 22)
548 2248 707 2304 iuvat
735 2250 893 2304 Koch
927 2248 1089 2303 lubet
1124 2249 1190 2304 P.
1227 2249 1495 2315 ssomas;
1528 2249 1862 2318 permittent
1899 2248 2080 2302 aciem
2109 2247 2274 2302 Gertz

226 2323 332 2375 aut
366 2320 429 2375 in
462 2320 606 2390 prof.
636 2323 767 2375 terr.
795 2321 1126 2388 permittere
1163 2320 1344 2374 aciem
1381 2319 1541 2373 iuvat
1578 2321 1637 2375 et
1671 2319 1806 2374 inde
1842 2335 1912 2373 ex
1947 2319 2221 2374 Schultess
2262 2320 2269 2387 Ι

226 2392 520 2461 despicere
570 2393 636 2447 P.
682 2393 922 2448 Thomas
967 2390 990 2463 ΙΙ
1037 2391 1073 2446 9
1119 2391 1391 2445 excelsior
1391 2391 1584 2463 umss
1620 2391 1661 2446 7
1709 2391 1769 2445 in
1807 2406 2023 2444 summo
2062 2390 2274 2444 locato-

223 2481 354 2518 rum
381 2464 439 2518 A
467 2463 509 2518 7
537 2469 670 2533 post
695 2479 951 2518 rasuram
980 2469 1033 2518 et
1059 2461 1411 2532 (locato)rum
1445 2479 1489 2520 s.
1516 2480 1567 2518 v.
1594 2463 1725 2519 add.
1754 2460 1841 2517 A'
1864 2462 1885 2529 ΙΙ
1909 2461 1982 2516 10
2008 2459 2275 2516 erubesce

224 2535 292 2590 F
319 2539 373 2589 et
396 2532 832 2605 v019.erubesco
858 2535 916 2589 A
941 2532 964 2606 ΙΙ
1000 2534 1068 2589 11
1097 2533 1352 2605 humiles]
1396 2549 1532 2588 eras.
1560 2537 1639 2605 ιιι)
1667 2535 1725 2589 A
1756 2534 1764 2604 Ι
1798 2532 2050 2602 cogitare
2076 2532 2277 2587 addidi

224 2605 442 2660 humile
496 2606 686 2660 mente
741 2605 994 2675 cogitare
1048 2605 1107 2658 et
1161 2605 1294 2659 olim
1388 2605 1644 2672 chaltess,
1698 2605 1797 2675 qui
1848 2619 1999 2659 nunc
2059 2602 2274 2658 humile

224 2678 419 2732 mente
447 2676 701 2732 volutare
729 2678 791 2732 et
815 2677 1084 2746 proponit
1117 2673 1385 2730 erubesce
1419 2675 1576 2745 loqui
1606 2676 1773 2732 Gertz
1808 2673 2037 2745 volgare
2066 2674 2275 2730 sentire

225 2749 297 2804 P.
337 2749 571 2804 Thomas
604 2747 626 2821 ΙΙ
660 2747 732 2803 12
768 2745 915 2802 flere.
951 2747 958 2816 Ι
1000 2749 1323 2804 etei-narum
1359 2763 1545 2802 rerum
1581 2765 1684 2818 per
1720 2746 1956 2800 liberam
1996 2747 2056 2800 et
2089 2747 2273 2800 uasta.

225 2819 422 2888 spatia
458 2819 678 2874 dimissi
705 2817 788 2875 A¹
825 2819 970 2888 quod
1005 2821 1069 2874 in
1113 2817 1262 2873 fiere.
1308 2819 1315 2888 Ι
1357 2820 1553 2873 eterna
1595 2835 1783 2874 rerum
1829 2833 1984 2887 per
1985 2816 2167 2873 libera
2218 2820 2276 2872 et

222 2891 414 2946 uasta.
485 2891 676 2961 spatia
721 2889 941 2944 dimissi
985 2905 1121 2945 corr.
1159 2889 1245 2945 A⁶
1262 2891 1332 2960 (⁴2)
1383 2889 1532 2945 flere.
1600 2891 1663 2946 in
1710 2892 1903 2944 eterna
1948 2905 2133 2943 rerum
2174 2904 2275 2958 per

224 2961 414 3016 libera
465 2964 524 3016 et
569 2964 740 3017 uasta
789 2961 980 3031 spatia
1031 2961 1291 3016 dimissos
1329 2962 1393 3017 F
1420 2968 1473 3016 ct
1506 2963 1643 3032 υοῑ9.
1694 2964 2053 3016 aeternarum
2087 2976 2276 3014 rerum

223 3032 404 3104 potiti
450 3049 557 3102 per
610 3031 648 3089 1.
678 3049 726 3088 e.
753 3050 804 3088 v.
836 3049 918 3103 sp.
959 3031 1179 3087 dimissi
1223 3034 1381 3099 sunt·
1430 3047 1545 3087 non
1590 3033 1754 3088 Gertz
1809 3033 2041 3087 aeterna
2090 3047 2275 3085 rerum

224 3122 282 3174 p.
313 3104 353 3159 1.
382 3121 431 3160 e.
459 3122 510 3158 v.
540 3121 624 3174 sp.
655 3104 937 3159 dimensos
974 3120 1088 3159 non
1121 3103 1251 3158 illos
1289 3103 1563 3159 Schultess
1608 3103 1631 3176 ΙΙ
1680 3103 1751 3159 15
1788 3102 1980 3158 omniu
2016 3102 2193 3171 plana
2219 3103 2277 3157 A

224 3176 424 3230 omnia
469 3174 644 3246 plana
681 3176 779 3231 Fs
831 3175 1090 3231 tramites
1135 3175 1298 3246 plani
1343 3175 1449 3231 alii
1494 3187 1529 3230 ς
1575 3176 1727 3230 unde
1774 3175 2033 3229 tramites
2086 3174 2277 3229 omnia

222 3247 390 3317 plani
439 3248 578 3318 υο19.
620 3247 752 3302 inde
789 3263 827 3302 a
869 3247 1094 3303 Murato
1146 3247 1406 3301 tramites
1457 3247 1648 3301 omnia
1702 3248 1762 3302 et
1813 3246 1989 3316 plana
2037 3245 2278 3314 Madviq

225 3318 424 3373 omnia
477 3319 677 3374 ineunt
729 3317 906 3388 plana
952 3318 1113 3373 Koch
1167 3318 1357 3373 omnia
1409 3315 1494 3371 ibi
1546 3317 1722 3387 plana
1772 3317 1936 3373 Gertz
1990 3315 2277 3400 οιιιιιινιιξι

225 3389 500 3459 planetae
551 3406 622 3444 ex
670 3388 778 3445 fac.
823 3389 1094 3445 Schultess
1139 3388 1162 3461 ΙΙ
1214 3389 1288 3446 16
1329 3405 1433 3457 per
1475 3388 1671 3443 uisunt
1705 3388 1790 3444 A¹
1824 3405 1962 3444 corr.
1994 3389 2057 3443 in
2090 3387 2276 3458 peruii

226 3463 364 3515 sunt
391 3460 478 3516 A⁸
511 3461 534 3533 Η
567 3461 640 3516 18
667 3460 760 3515 cui
789 3473 824 3514 ς
857 3467 910 3516 et
934 3461 1070 3532 volq.
1101 3463 1160 3516 et
1188 3461 1281 3514 cui
1307 3461 1365 3515 A
1402 3459 1561 3514 cuius
1588 3461 1651 3516 F
