2544 3746
255 74 388 141 230
633 73 692 127 L.
723 71 1008 126 ANNAEI
1043 70 1373 127 SENECAE
1409 71 1601 127 DIAL.
1630 71 1765 127 LIB.
1794 72 1914 127 VII.

186 236 219 286 5
259 240 448 303 quem
496 217 687 283 foeda
731 217 978 284 scabies
1025 217 1407 302 depascitur.
1500 217 1737 284 obicite
1784 216 2074 303 Platoni,
2128 219 2304 303 quod

256 307 516 393 petierit
571 307 935 392 pecuniam,
1003 304 1369 392 Aristoteli,
1426 306 1600 390 quod
1664 307 2009 392 acceperit,
2070 307 2302 374 Demo-

256 397 450 481 crito,
513 396 687 480 quod
749 397 1134 483 neglexerit,
1193 396 1509 481 Epicure,
1573 397 1746 480 quod
1803 398 2303 483 consumpserit3

256 486 419 552 mihi
479 486 606 572 ipsi
667 484 1071 552 Alcibiadem
1125 488 1190 551 et
1234 484 1599 551 Phaedrum
1645 485 1993 571 obiectate,
2052 488 2303 553 evasuri

256 576 533 641 maxime
578 575 826 659 felices,
874 597 1023 640 cum
1071 576 1353 659 primum
1388 575 1573 640 vobis
1610 574 1851 641 imitari
1886 575 2049 642 vitia
2082 580 2306 641 nostra

257 664 630 751 contigerit!
743 665 901 749 quin
973 665 1190 749 potius
1263 665 1436 729 mala
1508 667 1721 730 vestra
1792 665 2305 750 circumspicitis,

257 776 420 838 quae
484 776 601 818 vos
668 754 749 819 ab
815 754 992 819 omni
1050 757 1232 838 parte
1292 753 1697 837 confodiunt,
1762 754 1889 819 alia
1945 755 2308 841 grassantia

255 843 680 927 extrinsecus,
734 843 862 907 alia
905 845 976 908 in
1019 843 1371 909 visceribus
1418 842 1577 927 ipsis
1624 843 1960 909 ardentia?
2047 867 2182 910 non
2228 865 2303 910 eo

253 934 400 999 loco
437 955 539 999 res
575 933 894 998 humanae
933 935 1108 1015 sunt,
1151 932 1345 997 etiam
1384 932 1439 997 si
1474 934 1715 998 statum
1751 936 2038 999 vestrum
2074 955 2305 1018 parum

254 1023 490 1105 nostis,
555 1026 630 1087 ut
691 1022 875 1087 vobis
934 1024 1190 1086 tantum
1245 1021 1365 1086 otii
1430 1022 1734 1106 supersit,
1798 1025 1875 1087 ut
1938 1021 2006 1087 in
2066 1022 2307 1108 probra

256 1112 595 1177 meliorum
642 1112 887 1197 agitare
930 1110 1221 1196 linguam
1265 1113 1468 1175 vacet.

435 1215 736 1282 XXVIII.
818 1216 967 1283 Hoc
1037 1236 1155 1281 vos
1226 1239 1363 1283 non
1434 1216 1813 1304 intellegitis
1885 1221 1951 1283 et
2022 1218 2306 1283 alienum

255 1307 554 1373 fortunae
600 1311 850 1371 vestrae
894 1308 1152 1372 vultum
1198 1306 1456 1392 geritis,
1510 1306 1681 1372 sicut
1722 1306 2014 1392 plurimi,
2070 1307 2305 1391 quibus

256 1396 326 1460 in
389 1396 560 1461 circo
619 1400 735 1460 aut
788 1395 1042 1461 theatro
1100 1394 1540 1461 desidentibus
1595 1395 1725 1461 iam
1772 1396 2029 1462 funesta
2073 1396 2304 1463 domus

257 1488 358 1549 est
391 1506 511 1551 nec
547 1484 997 1549 adnuntiatum
1035 1484 1298 1549 malum.
1370 1488 1439 1549 at
1474 1505 1595 1570 ego
1633 1505 1716 1550 ex
1740 1484 1875 1550 alto
1903 1484 2306 1570 prospiciens

256 1573 472 1655 video,
539 1594 704 1657 quae
766 1577 1181 1658 tempestates
1245 1576 1358 1638 aut
1422 1573 1801 1639 immineant
1862 1573 2047 1641 vobis
2105 1574 2304 1659 paulo

256 1661 503 1728 tardius
556 1665 863 1746 rupturae
917 1661 1210 1727 nimbum
1267 1684 1484 1745 suum,
1544 1666 1657 1727 aut
1708 1663 1839 1728 iam
1892 1663 2141 1729 v‘oinae
2187 1684 2305 1728 vos

257 1772 335 1816 ac
392 1754 606 1817 vestra
664 1755 962 1835 rapturae
1028 1752 1295 1836 propius
1352 1751 1751 1817 accesserint.
1854 1752 2010 1835 quid
2065 1752 2307 1837 porro?

256 1862 470 1906 nonne
532 1861 709 1906 nunc
769 1861 1052 1926 quoque,
1117 1841 1311 1905 etiam
1376 1841 1432 1907 si
1490 1862 1714 1926 parum
1766 1840 2047 1926 sentitis,
2109 1842 2304 1908 turbo

257 1930 521 2015 quidam
593 1930 844 1996 animos
917 1934 1167 1996 vestros
1205 1933 1414 1995 -rotat
1476 1935 1544 1995 et
1604 1931 1908 2014 involvit,
1979 1930 2305 2017 fugientes

254 2023 678 2105 petentesque
724 2019 944 2084 eadem
993 2024 1058 2084 et
1101 2039 1278 2085 nunc
1321 2019 1391 2085 in
1437 2019 1711 2086 sublime
1756 2019 2086 2086 adlevatos
2129 2041 2308 2086 nunc

256 2111 327 2174 in
373 2109 598 2174 infima
642 2109 923 2174 adlisos?
969 2107 1320 2152 ******'

320 2355 332 2367 ⁸
436 2285 478 2368 1·
508 2284 678 2339 foeda
706 2298 740 2338 ς
780 2283 903 2339 fera
931 2286 986 2338 A
1030 2285 1051 2356 ΙΙ
1101 2283 1137 2338 4
1182 2283 1539 2368 Alcibiadem
1576 2286 1636 2340 et
1669 2284 1992 2340 Phaedrum
2028 2285 2310 2341 Erasmm

254 2354 483 2495 3quss
502 2355 818 2510 322⁸?AE
827 2355 1077 2509 ,ἒέᾱῗφ
1088 2356 1222 2496 {lui
1267 2372 1398 2500 15⁸⁸?
1405 2356 1827 2482 ⁰²01¹22⁸2⁶ss²11⁴t²1⁶5⁸⁸A
1840 2373 1889 2500 ⁰1.
1911 2373 2010 2482 '33
2043 2358 2309 2483 3323AE

255 2500 392 2568 volq.
433 2499 492 2552 et
517 2496 684 2552 uobis
713 2498 768 2552 A
807 2500 907 2551 aut
934 2496 1092 2551 vob1s
1129 2500 1171 2551 t.
1202 2515 1250 2552 o.
1282 2497 1578 2568 superfluit
1604 2498 1877 2555 Schultess
1908 2499 1916 2572 1
1951 2499 2199 2568 supersit
2220 2500 2309 2555 A⁶

257 2570 355 2637 (sit
388 2570 453 2624 im
487 2586 599 2624 ras.
628 2571 856 2638 maiore)
895 2571 1196 2638 supersunt
1230 2570 1316 2624 A1
1354 2577 1420 2626 ut
1452 2571 1565 2626 vid.
1616 2570 1637 2643 ΙΙ
1685 2569 1757 2624 15
1801 2572 1889 2626 est
1923 2573 1987 2627 in
2021 2588 2132 2626 ras.
2163 2571 2251 2626 A⁶
2297 2572 2305 2643 1

257 2657 362 2695 nec
397 2640 586 2695 adhuc
622 2641 947 2696 nuntiatum
985 2640 1198 2694 malum
1243 2659 1293 2696 v.
1323 2641 1376 2696 d.
1409 2642 1552 2697 Vliet
1603 2641 1611 2716 Ι
1666 2642 2015 2712 prospiciens
2062 2659 2199 2698 corr.
2236 2660 2310 2698 ex

253 2712 368 2767 -cio
405 2713 533 2782 ipsa
568 2712 654 2767 A²
701 2711 722 2784 Η
770 2712 840 2766 17
888 2712 1004 2767 iam
1048 2712 1185 2784 voly.
1224 2729 1294 2768 ex
1327 2719 1426 2768 vet.
1465 2712 1579 2769 lect.
1619 2714 1779 2770 Pinc.
1818 2716 1882 2769 ta
1908 2715 1965 2769 A
2013 2713 2035 2787 ΙΙ
2083 2713 2155 2769 19
2191 2731 2308 2768 non

257 2799 406 2838 nunc
442 2799 516 2837 ne
551 2799 774 2854 quoque
804 2785 859 2839 A
895 2801 1032 2840 corr.
1064 2785 1202 2854 volq.

436 2944 710 2999 Extrem
744 2960 886 3013 pars
933 2945 1064 3000 libri
1103 2944 1170 2998 de
1203 2945 1323 3000 vita
1359 2945 1517 3000 beata
1590 2945 1730 3001 edit.
1803 2961 1938 3000 nam
1973 2961 2309 3014 quamquam

255 3016 320 3068 in
354 3014 439 3081 A,
487 3021 554 3070 ut
599 3017 664 3069 in
714 3016 967 3071 omnibus
1015 3015 1190 3083 codd„
1228 3022 1363 3085 post
1403 3032 1453 3072 υ.
1494 3031 1529 3070 a
1595 3015 1609 3029 ⁶
1642 3032 1705 3072 os
1748 3016 1871 3070 sine
1912 3016 2030 3072 ullo
2071 3017 2310 3072 lacunae

255 3087 428 3209 sionei
459 3087 626 3211 υἳνὸοῖ
669 3095 1007 3212 sequantur-d
1022 3087 1159 3142 circi
1204 3085 1368 3213 noeti?
1388 3103 1937 3215 dmsigffoxcpgzenz
1963 3087 2125 3216 3ξὲἱῖ
2155 3104 2311 3142 com-

256 3172 388 3210 men
431 3172 503 3210 an
576 3175 602 3212 e
671 3175 858 3212 omma
903 3177 965 3212 m
1007 3176 1034 3213 e
1073 3176 1142 3213 us
1427 3177 1522 3214 ta.
1796 3175 1829 3215 ο
2049 3203 2061 3214 .
2127 3201 2138 3213 .
2178 3176 2309 3216 con-

258 3229 579 3294 tinuantur,
629 3234 812 3282 tamen
864 3246 928 3283 ea
973 3176 1242 3297 prov-83?
1251 3231 1441 3285 aliena
1488 3247 1600 3286 esse
1648 3229 1721 3284 ab
1770 3247 1838 3285 ar
2135 3231 2311 3286 huius

259 3297 390 3351 libri
425 3305 669 3364 apparet.
732 3301 878 3366 quod
914 3317 1038 3354 cum
1076 3301 1337 3356 Muretus
1370 3302 1485 3356 iam
1520 3303 1797 3368 sensisset,
1894 3303 2058 3372 'psius
2083 3303 2311 3370 primus

260 3383 327 3420 ea
372 3384 512 3434 quae
551 3375 677 3436 post
723 3369 931 3424 adlisos
978 3371 1347 3427 adnectuntur
1382 3373 1662 3442 separavit
1696 3373 1877 3442 eisque
1918 3375 2307 3442 praescripsit:

259 3435 319 3489 L.
365 3439 586 3492 Annaei
637 3437 880 3494 Senecae
933 3440 1002 3496 de
1055 3442 1170 3497 otio
1223 3445 1324 3497 aut
1374 3443 1597 3499 secessu
1648 3443 1923 3513 sapientis
1973 3443 2108 3499 libri
2151 3460 2304 3515 pars.

2342 1044 2395 1083 10

2342 1506 2393 1546 15
