<?xml version="1.0" encoding="UTF-8"?>
<!DOCTYPE html PUBLIC "-//W3C//DTD XHTML 1.0 Transitional//EN"
    "http://www.w3.org/TR/xhtml1/DTD/xhtml1-transitional.dtd">
<html xmlns="http://www.w3.org/1999/xhtml" xml:lang="en" lang="en">
 <head>
  <title>
</title>
<meta http-equiv="Content-Type" content="text/html;charset=utf-8" />
  <meta name='ocr-system' content='tesseract 3.04.00' />
  <meta name='ocr-capabilities' content='ocr_page ocr_carea ocr_par ocr_line ocrx_word'/>
</head>
<body>
  <div class='ocr_page' id='page_1' title='image "./lannaeisenecaeo01unkngoog_0128.png"; bbox 0 0 2544 3746; ppageno 0'>
   <div class='ocr_carea' id='block_1_1' title="bbox 221 58 1872 137">
    <p class='ocr_par' dir='ltr' id='par_1_1' title="bbox 221 58 1872 137">
     <span class='ocr_line' id='line_1_1' title="bbox 221 58 1872 137; baseline -0.002 -18"><span class='ocrx_word' id='word_1_1' title='bbox 221 64 350 129; x_wconf 87' lang='lat'><strong>104</strong></span> <span class='ocrx_word' id='word_1_2' title='bbox 611 60 671 115; x_wconf 90' lang='lat' dir='ltr'><strong>L.</strong></span> <span class='ocrx_word' id='word_1_3' title='bbox 702 59 988 115; x_wconf 82' lang='lat' dir='ltr'><strong><em>ANNAEI</em></strong></span> <span class='ocrx_word' id='word_1_4' title='bbox 1024 58 1357 137; x_wconf 60' lang='lat' dir='ltr'><strong><em>SENECAE</em></strong></span> <span class='ocrx_word' id='word_1_5' title='bbox 1394 59 1585 115; x_wconf 84' lang='lat' dir='ltr'><strong><em>DIAL.</em></strong></span> <span class='ocrx_word' id='word_1_6' title='bbox 1614 60 1749 115; x_wconf 89' lang='lat' dir='ltr'><strong>LIB.</strong></span> <span class='ocrx_word' id='word_1_7' title='bbox 1778 60 1872 115; x_wconf 89' lang='lat' dir='ltr'><strong>lV.</strong></span> 
     </span>
    </p>
   </div>
   <div class='ocr_carea' id='block_1_2' title="bbox 138 205 2270 2610">
    <p class='ocr_par' dir='ltr' id='par_1_2' title="bbox 138 205 2270 2610">
     <span class='ocr_line' id='line_1_2' title="bbox 214 205 2267 291; baseline 0 -20"><span class='ocrx_word' id='word_1_8' title='bbox 214 208 499 291; x_wconf 89' lang='lat' dir='ltr'><strong>repetere</strong></span> <span class='ocrx_word' id='word_1_9' title='bbox 563 207 992 271; x_wconf 72' lang='lat' dir='ltr'><strong>mordentem:</strong></span> <span class='ocrx_word' id='word_1_10' title='bbox 1079 227 1293 271; x_wconf 87' lang='lat' dir='ltr'><strong>mures</strong></span> <span class='ocrx_word' id='word_1_11' title='bbox 1359 205 1821 290; x_wconf 86' lang='lat' dir='ltr'><strong>formicaeque‚</strong></span> <span class='ocrx_word' id='word_1_12' title='bbox 1886 206 1941 271; x_wconf 89' lang='lat' dir='ltr'><strong>si</strong></span> <span class='ocrx_word' id='word_1_13' title='bbox 2000 228 2267 271; x_wconf 89' lang='lat' dir='ltr'><strong>manum</strong></span> 
     </span>
     <span class='ocr_line' id='line_1_3' title="bbox 214 294 2267 380; baseline 0 -20"><span class='ocrx_word' id='word_1_14' title='bbox 214 295 600 380; x_wconf 86' lang='lat' dir='ltr'><strong>admoveris,</strong></span> <span class='ocrx_word' id='word_1_15' title='bbox 663 318 776 360; x_wconf 86' lang='lat' dir='ltr'><strong>ora</strong></span> <span class='ocrx_word' id='word_1_16' title='bbox 835 298 1252 379; x_wconf 82' lang='lat' dir='ltr'><strong>convertunt3</strong></span> <span class='ocrx_word' id='word_1_17' title='bbox 1308 294 1633 360; x_wconf 84' lang='lat' dir='ltr'><strong>inbecillia</strong></span> <span class='ocrx_word' id='word_1_18' title='bbox 1687 317 1755 360; x_wconf 90' lang='lat' dir='ltr'><strong>se</strong></span> <span class='ocrx_word' id='word_1_19' title='bbox 1799 294 1967 360; x_wconf 85' lang='lat' dir='ltr'><strong>laedi</strong></span> <span class='ocrx_word' id='word_1_20' title='bbox 2013 299 2267 379; x_wconf 85' lang='lat' dir='ltr'><strong>putant,</strong></span> 
     </span>
     <span class='ocr_line' id='line_1_4' title="bbox 143 383 2268 472; baseline 0 -23"><span class='ocrx_word' id='word_1_21' title='bbox 143 402 174 449; x_wconf 83' lang='lat'><strong>2</strong></span> <span class='ocrx_word' id='word_1_22' title='bbox 214 386 271 450; x_wconf 88' lang='lat' dir='ltr'><strong>si</strong></span> <span class='ocrx_word' id='word_1_23' title='bbox 331 389 705 472; x_wconf 84' lang='lat' dir='ltr'><strong>tanguntur.</strong></span> <span class='ocrx_word' id='word_1_24' title='bbox 805 383 1000 451; x_wconf 84' lang='lat' dir='ltr'><strong>faciet</strong></span> <span class='ocrx_word' id='word_1_25' title='bbox 1061 404 1182 449; x_wconf 88' lang='lat' dir='ltr'><strong>nos</strong></span> <span class='ocrx_word' id='word_1_26' title='bbox 1247 384 1566 468; x_wconf 86' lang='lat' dir='ltr'><strong>mitiores,</strong></span> <span class='ocrx_word' id='word_1_27' title='bbox 1633 385 1690 448; x_wconf 89' lang='lat' dir='ltr'><strong>si</strong></span> <span class='ocrx_word' id='word_1_28' title='bbox 1748 384 2268 470; x_wconf 81' lang='lat' dir='ltr'><strong>cogitaverimus,</strong></span> 
     </span>
     <span class='ocr_line' id='line_1_5' title="bbox 214 473 2267 559; baseline 0 -20"><span class='ocrx_word' id='word_1_29' title='bbox 214 474 371 559; x_wconf 89' lang='lat' dir='ltr'><strong>quid</strong></span> <span class='ocrx_word' id='word_1_30' title='bbox 430 474 778 558; x_wconf 86' lang='lat' dir='ltr'><strong>aliquando</strong></span> <span class='ocrx_word' id='word_1_31' title='bbox 838 474 1027 539; x_wconf 91' lang='lat' dir='ltr'><strong>nobis</strong></span> <span class='ocrx_word' id='word_1_32' title='bbox 1086 474 1408 556; x_wconf 75' lang='lat' dir='ltr'><strong>profuerit</strong></span> <span class='ocrx_word' id='word_1_33' title='bbox 1465 473 1575 539; x_wconf 90' lang='lat' dir='ltr'><strong>ille</strong></span> <span class='ocrx_word' id='word_1_34' title='bbox 1632 473 1737 539; x_wconf 87' lang='lat' dir='ltr'><strong>cui</strong></span> <span class='ocrx_word' id='word_1_35' title='bbox 1791 473 2154 559; x_wconf 79' lang='lat' dir='ltr'><strong>irascimur,</strong></span> <span class='ocrx_word' id='word_1_36' title='bbox 2200 478 2267 539; x_wconf 91' lang='lat' dir='ltr'><strong>et</strong></span> 
     </span>
     <span class='ocr_line' id='line_1_6' title="bbox 212 562 2267 648; baseline -0 -19"><span class='ocrx_word' id='word_1_37' title='bbox 212 563 458 629; x_wconf 88' lang='lat' dir='ltr'><strong>meritis</strong></span> <span class='ocrx_word' id='word_1_38' title='bbox 497 565 742 629; x_wconf 85' lang='lat' dir='ltr'><strong>offensa</strong></span> <span class='ocrx_word' id='word_1_39' title='bbox 776 562 1141 628; x_wconf 86' lang='lat' dir='ltr'><strong>redimetur.</strong></span> <span class='ocrx_word' id='word_1_40' title='bbox 1214 562 1380 628; x_wconf 89' lang='lat' dir='ltr'><strong>illud</strong></span> <span class='ocrx_word' id='word_1_41' title='bbox 1419 584 1677 647; x_wconf 89' lang='lat' dir='ltr'><strong>quoque</strong></span> <span class='ocrx_word' id='word_1_42' title='bbox 1715 567 2037 648; x_wconf 87' lang='lat' dir='ltr'><strong>occurrat,</strong></span> <span class='ocrx_word' id='word_1_43' title='bbox 2066 585 2267 647; x_wconf 89' lang='lat' dir='ltr'><strong>quan-</strong></span> 
     </span>
     <span class='ocr_line' id='line_1_7' title="bbox 211 650 2269 736; baseline 0 -19"><span class='ocrx_word' id='word_1_44' title='bbox 211 656 353 717; x_wconf 88' lang='lat' dir='ltr'><strong>tum</strong></span> <span class='ocrx_word' id='word_1_45' title='bbox 389 651 578 717; x_wconf 87' lang='lat' dir='ltr'><strong>nobis</strong></span> <span class='ocrx_word' id='word_1_46' title='bbox 617 650 1194 719; x_wconf 78' lang='lat' dir='ltr'><strong>commendationis</strong></span> <span class='ocrx_word' id='word_1_47' title='bbox 1233 653 1507 717; x_wconf 88' lang='lat' dir='ltr'><strong>allatura</strong></span> <span class='ocrx_word' id='word_1_48' title='bbox 1544 652 1629 716; x_wconf 88' lang='lat' dir='ltr'><strong>sit</strong></span> <span class='ocrx_word' id='word_1_49' title='bbox 1666 652 2040 728; x_wconf 82' lang='lat' dir='ltr'><strong>clementiae</strong></span> <span class='ocrx_word' id='word_1_50' title='bbox 2072 653 2269 736; x_wconf 85' lang='lat' dir='ltr'><strong>fama,</strong></span> 
     </span>
     <span class='ocr_line' id='line_1_8' title="bbox 142 740 2270 826; baseline -0 -20"><span class='ocrx_word' id='word_1_51' title='bbox 142 759 174 806; x_wconf 88' lang='lat'><strong>3</strong></span> <span class='ocrx_word' id='word_1_52' title='bbox 213 763 407 826; x_wconf 86' lang='lat' dir='ltr'><strong>quam</strong></span> <span class='ocrx_word' id='word_1_53' title='bbox 455 742 697 807; x_wconf 78' lang='lat' dir='ltr'><strong>multos</strong></span> <span class='ocrx_word' id='word_1_54' title='bbox 733 740 924 806; x_wconf 82' lang='lat' dir='ltr'><strong>venia</strong></span> <span class='ocrx_word' id='word_1_55' title='bbox 960 740 1204 807; x_wconf 88' lang='lat' dir='ltr'><strong>amicos</strong></span> <span class='ocrx_word' id='word_1_56' title='bbox 1240 741 1433 806; x_wconf 88' lang='lat' dir='ltr'><strong>utiles</strong></span> <span class='ocrx_word' id='word_1_57' title='bbox 1470 740 1711 806; x_wconf 84' lang='lat' dir='ltr'><strong>fecerit.</strong></span> <span class='ocrx_word' id='word_1_58' title='bbox 1793 762 1876 807; x_wconf 93' lang='lat' dir='ltr'><strong>ne</strong></span> <span class='ocrx_word' id='word_1_59' title='bbox 1912 741 2270 807; x_wconf 75' lang='lat' dir='ltr'><strong>irascamur</strong></span> 
     </span>
     <span class='ocr_line' id='line_1_9' title="bbox 210 827 2268 914; baseline -0 -19"><span class='ocrx_word' id='word_1_60' title='bbox 210 831 622 897; x_wconf 86' lang='lat' dir='ltr'><strong>inimicorum</strong></span> <span class='ocrx_word' id='word_1_61' title='bbox 683 834 748 896; x_wconf 88' lang='lat' dir='ltr'><strong>et</strong></span> <span class='ocrx_word' id='word_1_62' title='bbox 805 830 1094 896; x_wconf 86' lang='lat' dir='ltr'><strong>hostium</strong></span> <span class='ocrx_word' id='word_1_63' title='bbox 1138 829 1384 914; x_wconf 89' lang='lat' dir='ltr'><strong>liberis,</strong></span> <span class='ocrx_word' id='word_1_64' title='bbox 1432 830 1601 896; x_wconf 91' lang='lat' dir='ltr'><strong>inter</strong></span> <span class='ocrx_word' id='word_1_65' title='bbox 1646 827 1949 896; x_wconf 87' lang='lat' dir='ltr'><strong>Sullanae</strong></span> <span class='ocrx_word' id='word_1_66' title='bbox 1996 830 2268 901; x_wconf 83' lang='lat' dir='ltr'><strong>crudeli-</strong></span> 
     </span>
     <span class='ocr_line' id='line_1_10' title="bbox 209 918 2269 1005; baseline -0 -20"><span class='ocrx_word' id='word_1_67' title='bbox 209 920 362 985; x_wconf 88' lang='lat' dir='ltr'><strong>tatis</strong></span> <span class='ocrx_word' id='word_1_68' title='bbox 427 921 723 1005; x_wconf 85' lang='lat' dir='ltr'><strong>exempla</strong></span> <span class='ocrx_word' id='word_1_69' title='bbox 785 923 912 1004; x_wconf 89' lang='lat' dir='ltr'><strong>est,</strong></span> <span class='ocrx_word' id='word_1_70' title='bbox 975 918 1151 1005; x_wconf 84' lang='lat' dir='ltr'><strong>quod</strong></span> <span class='ocrx_word' id='word_1_71' title='bbox 1215 920 1297 985; x_wconf 91' lang='lat' dir='ltr'><strong>ab</strong></span> <span class='ocrx_word' id='word_1_72' title='bbox 1362 942 1433 985; x_wconf 91' lang='lat' dir='ltr'><strong>re</strong></span> <span class='ocrx_word' id='word_1_73' title='bbox 1493 919 1757 1004; x_wconf 87' lang='lat' dir='ltr'><strong>publica</strong></span> <span class='ocrx_word' id='word_1_74' title='bbox 1817 919 2055 985; x_wconf 85' lang='lat' dir='ltr'><strong>liberos</strong></span> <span class='ocrx_word' id='word_1_75' title='bbox 2118 940 2269 1005; x_wconf 90' lang='lat' dir='ltr'><strong>pro·</strong></span> 
     </span>
     <span class='ocr_line' id='line_1_11' title="bbox 212 1007 2267 1095; baseline 0 -21"><span class='ocrx_word' id='word_1_76' title='bbox 212 1010 601 1095; x_wconf 87' lang='lat' dir='ltr'><strong>scriptorum</strong></span> <span class='ocrx_word' id='word_1_77' title='bbox 649 1008 1004 1075; x_wconf 86' lang='lat' dir='ltr'><strong>submovit·</strong></span> <span class='ocrx_word' id='word_1_78' title='bbox 1065 1007 1233 1073; x_wconf 85' lang='lat' dir='ltr'><strong>nihil</strong></span> <span class='ocrx_word' id='word_1_79' title='bbox 1280 1012 1377 1075; x_wconf 91' lang='lat' dir='ltr'><strong>est</strong></span> <span class='ocrx_word' id='word_1_80' title='bbox 1422 1008 1708 1093; x_wconf 77' lang='lat' dir='ltr'><strong>iniquius</strong></span> <span class='ocrx_word' id='word_1_81' title='bbox 1746 1029 1943 1094; x_wconf 90' lang='lat' dir='ltr'><strong>quam</strong></span> <span class='ocrx_word' id='word_1_82' title='bbox 1981 1009 2267 1093; x_wconf 88' lang='lat' dir='ltr'><strong>aliquem</strong></span> 
     </span>
     <span class='ocr_line' id='line_1_12' title="bbox 141 1096 2267 1185; baseline 0 -22"><span class='ocrx_word' id='word_1_83' title='bbox 141 1116 173 1164; x_wconf 83' lang='lat'>4</span> <span class='ocrx_word' id='word_1_84' title='bbox 209 1098 509 1165; x_wconf 86' lang='lat' dir='ltr'><strong>heredem</strong></span> <span class='ocrx_word' id='word_1_85' title='bbox 573 1099 828 1184; x_wconf 83' lang='lat' dir='ltr'><strong>paterni</strong></span> <span class='ocrx_word' id='word_1_86' title='bbox 891 1097 1026 1163; x_wconf 92' lang='lat' dir='ltr'><strong>odii</strong></span> <span class='ocrx_word' id='word_1_87' title='bbox 1087 1096 1244 1163; x_wconf 89' lang='lat' dir='ltr'><strong>fieri.</strong></span> <span class='ocrx_word' id='word_1_88' title='bbox 1366 1098 1753 1185; x_wconf 76' lang='lat' dir='ltr'><strong>cogitemus,</strong></span> <span class='ocrx_word' id='word_1_89' title='bbox 1817 1098 2115 1184; x_wconf 89' lang='lat' dir='ltr'><strong>quotiens</strong></span> <span class='ocrx_word' id='word_1_90' title='bbox 2182 1100 2267 1163; x_wconf 89' lang='lat' dir='ltr'><strong>ad</strong></span> 
     </span>
     <span class='ocr_line' id='line_1_13' title="bbox 209 1185 2266 1277; baseline 0 -25"><span class='ocrx_word' id='word_1_91' title='bbox 209 1187 674 1274; x_wconf 82' lang='lat' dir='ltr'><strong>ignoscendum</strong></span> <span class='ocrx_word' id='word_1_92' title='bbox 719 1185 1014 1254; x_wconf 84' lang='lat' dir='ltr'><strong>difficiles</strong></span> <span class='ocrx_word' id='word_1_93' title='bbox 1053 1186 1323 1271; x_wconf 87' lang='lat' dir='ltr'><strong>erimus,</strong></span> <span class='ocrx_word' id='word_1_94' title='bbox 1358 1208 1444 1256; x_wconf 87' lang='lat' dir='ltr'><strong>an</strong></span> <span class='ocrx_word' id='word_1_95' title='bbox 1478 1187 1776 1277; x_wconf 86' lang='lat' dir='ltr'><strong>expediat</strong></span> <span class='ocrx_word' id='word_1_96' title='bbox 1810 1187 1999 1253; x_wconf 89' lang='lat' dir='ltr'><strong>nobis</strong></span> <span class='ocrx_word' id='word_1_97' title='bbox 2037 1208 2266 1253; x_wconf 85' lang='lat' dir='ltr'><strong>omnes</strong></span> 
     </span>
     <span class='ocr_line' id='line_1_14' title="bbox 211 1276 2265 1363; baseline 0 -23"><span class='ocrx_word' id='word_1_98' title='bbox 211 1276 637 1343; x_wconf 82' lang='lat' dir='ltr'><strong>inexorabiles</strong></span> <span class='ocrx_word' id='word_1_99' title='bbox 676 1297 841 1343; x_wconf 90' lang='lat' dir='ltr'><strong>esse.</strong></span> <span class='ocrx_word' id='word_1_100' title='bbox 889 1298 1083 1361; x_wconf 87' lang='lat' dir='ltr'><strong>quam</strong></span> <span class='ocrx_word' id='word_1_101' title='bbox 1121 1297 1313 1361; x_wconf 86' lang='lat' dir='ltr'><strong>saepe</strong></span> <span class='ocrx_word' id='word_1_102' title='bbox 1348 1276 1604 1341; x_wconf 79' lang='lat' dir='ltr'><strong>veniam</strong></span> <span class='ocrx_word' id='word_1_103' title='bbox 1634 1277 1745 1362; x_wconf 90' lang='lat' dir='ltr'><strong>qui</strong></span> <span class='ocrx_word' id='word_1_104' title='bbox 1782 1276 2044 1363; x_wconf 82' lang='lat' dir='ltr'><strong>negavit</strong></span> <span class='ocrx_word' id='word_1_105' title='bbox 2070 1278 2265 1362; x_wconf 79' lang='lat' dir='ltr'><strong>petit!</strong></span> 
     </span>
     <span class='ocr_line' id='line_1_15' title="bbox 211 1365 2263 1451; baseline -0.001 -19"><span class='ocrx_word' id='word_1_106' title='bbox 211 1387 407 1450; x_wconf 87' lang='lat' dir='ltr'><strong>quam</strong></span> <span class='ocrx_word' id='word_1_107' title='bbox 467 1386 656 1451; x_wconf 88' lang='lat' dir='ltr'><strong>saepe</strong></span> <span class='ocrx_word' id='word_1_108' title='bbox 717 1366 852 1431; x_wconf 89' lang='lat' dir='ltr'><strong>eius</strong></span> <span class='ocrx_word' id='word_1_109' title='bbox 909 1365 1184 1450; x_wconf 89' lang='lat' dir='ltr'><strong>pedibus</strong></span> <span class='ocrx_word' id='word_1_110' title='bbox 1241 1365 1586 1431; x_wconf 82' lang='lat' dir='ltr'><strong>advolutus</strong></span> <span class='ocrx_word' id='word_1_111' title='bbox 1633 1368 1759 1449; x_wconf 89' lang='lat' dir='ltr'><strong>est,</strong></span> <span class='ocrx_word' id='word_1_112' title='bbox 1804 1386 1997 1448; x_wconf 91' lang='lat' dir='ltr'><strong>quem</strong></span> <span class='ocrx_word' id='word_1_113' title='bbox 2042 1389 2083 1431; x_wconf 91' lang='lat' dir='ltr'><strong>a</strong></span> <span class='ocrx_word' id='word_1_114' title='bbox 2127 1366 2263 1430; x_wconf 90' lang='lat' dir='ltr'><strong>suis</strong></span> 
     </span>
     <span class='ocr_line' id='line_1_16' title="bbox 209 1453 2265 1541; baseline 0 -23"><span class='ocrx_word' id='word_1_115' title='bbox 209 1454 519 1540; x_wconf 80' lang='lat' dir='ltr'><strong>reppulit!</strong></span> <span class='ocrx_word' id='word_1_116' title='bbox 599 1454 756 1539; x_wconf 89' lang='lat' dir='ltr'><strong>quid</strong></span> <span class='ocrx_word' id='word_1_117' title='bbox 802 1458 900 1519; x_wconf 88' lang='lat' dir='ltr'><strong>est</strong></span> <span class='ocrx_word' id='word_1_118' title='bbox 945 1453 1296 1541; x_wconf 83' lang='lat' dir='ltr'><strong>gloriosius</strong></span> <span class='ocrx_word' id='word_1_119' title='bbox 1344 1476 1539 1538; x_wconf 89' lang='lat' dir='ltr'><strong>quam</strong></span> <span class='ocrx_word' id='word_1_120' title='bbox 1585 1454 1748 1521; x_wconf 90' lang='lat' dir='ltr'><strong>iram</strong></span> <span class='ocrx_word' id='word_1_121' title='bbox 1794 1454 2079 1520; x_wconf 88' lang='lat' dir='ltr'><strong>amicitia</strong></span> <span class='ocrx_word' id='word_1_122' title='bbox 2122 1476 2265 1519; x_wconf 87' lang='lat' dir='ltr'><strong>mu-</strong></span> 
     </span>
     <span class='ocr_line' id='line_1_17' title="bbox 208 1542 2263 1628; baseline 0 -20"><span class='ocrx_word' id='word_1_123' title='bbox 208 1544 389 1609; x_wconf 82' lang='lat' dir='ltr'><strong>tare?</strong></span> <span class='ocrx_word' id='word_1_124' title='bbox 480 1565 643 1627; x_wconf 87' lang='lat' dir='ltr'><strong>quos</strong></span> <span class='ocrx_word' id='word_1_125' title='bbox 705 1544 987 1628; x_wconf 78' lang='lat' dir='ltr'><strong>populus</strong></span> <span class='ocrx_word' id='word_1_126' title='bbox 1049 1542 1382 1609; x_wconf 90' lang='lat' dir='ltr'><strong>Romanus</strong></span> <span class='ocrx_word' id='word_1_127' title='bbox 1443 1543 1763 1609; x_wconf 85' lang='lat' dir='ltr'><strong>fideliores</strong></span> <span class='ocrx_word' id='word_1_128' title='bbox 1808 1542 2005 1609; x_wconf 85' lang='lat' dir='ltr'><strong>habet</strong></span> <span class='ocrx_word' id='word_1_129' title='bbox 2050 1543 2263 1610; x_wconf 87' lang='lat' dir='ltr'><strong>socios</strong></span> 
     </span>
     <span class='ocr_line' id='line_1_18' title="bbox 210 1631 2265 1718; baseline 0 -20"><span class='ocrx_word' id='word_1_130' title='bbox 210 1653 405 1717; x_wconf 89' lang='lat' dir='ltr'><strong>quam</strong></span> <span class='ocrx_word' id='word_1_131' title='bbox 453 1650 616 1717; x_wconf 90' lang='lat' dir='ltr'><strong>quos</strong></span> <span class='ocrx_word' id='word_1_132' title='bbox 661 1631 890 1698; x_wconf 88' lang='lat' dir='ltr'><strong>habuit</strong></span> <span class='ocrx_word' id='word_1_133' title='bbox 935 1632 1483 1718; x_wconf 85' lang='lat' dir='ltr'><strong>pertinacissimos</strong></span> <span class='ocrx_word' id='word_1_134' title='bbox 1518 1632 1782 1699; x_wconf 81' lang='lat' dir='ltr'><strong>hostes?</strong></span> <span class='ocrx_word' id='word_1_135' title='bbox 1857 1632 2032 1717; x_wconf 91' lang='lat' dir='ltr'><strong>quod</strong></span> <span class='ocrx_word' id='word_1_136' title='bbox 2067 1632 2265 1698; x_wconf 89' lang='lat' dir='ltr'><strong>hodie</strong></span> 
     </span>
     <span class='ocr_line' id='line_1_19' title="bbox 209 1720 2265 1807; baseline 0 -20"><span class='ocrx_word' id='word_1_137' title='bbox 209 1724 378 1787; x_wconf 78' lang='lat' dir='ltr'><strong>esset</strong></span> <span class='ocrx_word' id='word_1_138' title='bbox 439 1720 814 1806; x_wconf 87' lang='lat' dir='ltr'><strong>imperium,</strong></span> <span class='ocrx_word' id='word_1_139' title='bbox 874 1722 1003 1787; x_wconf 89' lang='lat' dir='ltr'><strong>nisi</strong></span> <span class='ocrx_word' id='word_1_140' title='bbox 1067 1721 1342 1787; x_wconf 84' lang='lat' dir='ltr'><strong>salubris</strong></span> <span class='ocrx_word' id='word_1_141' title='bbox 1401 1721 1807 1807; x_wconf 81' lang='lat' dir='ltr'><strong>providentia</strong></span> <span class='ocrx_word' id='word_1_142' title='bbox 1859 1722 2065 1787; x_wconf 81' lang='lat' dir='ltr'><strong>victos</strong></span> <span class='ocrx_word' id='word_1_143' title='bbox 2120 1742 2265 1806; x_wconf 85' lang='lat' dir='ltr'><strong>per·</strong></span> 
     </span>
     <span class='ocr_line' id='line_1_20' title="bbox 138 1810 2267 1896; baseline 0 -19"><span class='ocrx_word' id='word_1_144' title='bbox 138 1826 171 1877; x_wconf 80' lang='lat'><strong>5</strong></span> <span class='ocrx_word' id='word_1_145' title='bbox 207 1810 574 1878; x_wconf 83' lang='lat' dir='ltr'><strong>miscuisset</strong></span> <span class='ocrx_word' id='word_1_146' title='bbox 643 1810 1047 1878; x_wconf 77' lang='lat' dir='ltr'><strong>victoribus?</strong></span> <span class='ocrx_word' id='word_1_147' title='bbox 1152 1811 1465 1878; x_wconf 85' lang='lat' dir='ltr'><strong>irascetur</strong></span> <span class='ocrx_word' id='word_1_148' title='bbox 1538 1810 1798 1896; x_wconf 83' lang='lat' dir='ltr'><strong>aliquis:</strong></span> <span class='ocrx_word' id='word_1_149' title='bbox 1885 1816 1957 1876; x_wconf 89' lang='lat' dir='ltr'><strong>tu</strong></span> <span class='ocrx_word' id='word_1_150' title='bbox 2036 1814 2267 1878; x_wconf 87' lang='lat' dir='ltr'><strong>contra</strong></span> 
     </span>
     <span class='ocr_line' id='line_1_21' title="bbox 206 1900 2263 1986; baseline 0 -21"><span class='ocrx_word' id='word_1_151' title='bbox 206 1900 534 1967; x_wconf 86' lang='lat' dir='ltr'><strong>beneficiis</strong></span> <span class='ocrx_word' id='word_1_152' title='bbox 571 1922 884 1986; x_wconf 80' lang='lat' dir='ltr'><strong>provoca3</strong></span> <span class='ocrx_word' id='word_1_153' title='bbox 921 1901 1095 1967; x_wconf 87' lang='lat' dir='ltr'><strong>cadit</strong></span> <span class='ocrx_word' id='word_1_154' title='bbox 1133 1900 1351 1966; x_wconf 86' lang='lat' dir='ltr'><strong>statim</strong></span> <span class='ocrx_word' id='word_1_155' title='bbox 1390 1901 1685 1966; x_wconf 87' lang='lat' dir='ltr'><strong>simultas</strong></span> <span class='ocrx_word' id='word_1_156' title='bbox 1722 1902 1803 1967; x_wconf 91' lang='lat' dir='ltr'><strong>ab</strong></span> <span class='ocrx_word' id='word_1_157' title='bbox 1842 1900 2043 1968; x_wconf 86' lang='lat' dir='ltr'><strong>altera</strong></span> <span class='ocrx_word' id='word_1_158' title='bbox 2079 1904 2263 1986; x_wconf 85' lang='lat' dir='ltr'><strong>parte</strong></span> 
     </span>
     <span class='ocr_line' id='line_1_22' title="bbox 209 1989 2264 2077; baseline 0 -22"><span class='ocrx_word' id='word_1_159' title='bbox 209 1990 486 2074; x_wconf 81' lang='lat' dir='ltr'><strong>deserta3</strong></span> <span class='ocrx_word' id='word_1_160' title='bbox 529 1989 659 2054; x_wconf 87' lang='lat' dir='ltr'><strong>nisi</strong></span> <span class='ocrx_word' id='word_1_161' title='bbox 703 1989 886 2075; x_wconf 85' lang='lat' dir='ltr'><strong>paria</strong></span> <span class='ocrx_word' id='word_1_162' title='bbox 928 2012 1064 2055; x_wconf 90' lang='lat' dir='ltr'><strong>non</strong></span> <span class='ocrx_word' id='word_1_163' title='bbox 1109 1994 1421 2077; x_wconf 85' lang='lat' dir='ltr'><strong>pugnant.</strong></span> <span class='ocrx_word' id='word_1_164' title='bbox 1514 1990 1626 2056; x_wconf 91' lang='lat' dir='ltr'><strong>sed</strong></span> <span class='ocrx_word' id='word_1_165' title='bbox 1680 1990 2005 2076; x_wconf 86' lang='lat' dir='ltr'><strong>utrimque</strong></span> <span class='ocrx_word' id='word_1_166' title='bbox 2062 1994 2264 2057; x_wconf 89' lang='lat' dir='ltr'><strong>certa-</strong></span> 
     </span>
     <span class='ocr_line' id='line_1_23' title="bbox 205 2079 2262 2165; baseline -0 -20"><span class='ocrx_word' id='word_1_167' title='bbox 205 2079 304 2145; x_wconf 87' lang='lat' dir='ltr'><strong>bit</strong></span> <span class='ocrx_word' id='word_1_168' title='bbox 360 2079 486 2164; x_wconf 86' lang='lat' dir='ltr'><strong>ira,</strong></span> <span class='ocrx_word' id='word_1_169' title='bbox 545 2080 978 2145; x_wconf 87' lang='lat' dir='ltr'><strong>concurritur:</strong></span> <span class='ocrx_word' id='word_1_170' title='bbox 1058 2080 1168 2144; x_wconf 87' lang='lat' dir='ltr'><strong>ille</strong></span> <span class='ocrx_word' id='word_1_171' title='bbox 1224 2083 1323 2144; x_wconf 87' lang='lat' dir='ltr'><strong>est</strong></span> <span class='ocrx_word' id='word_1_172' title='bbox 1374 2079 1605 2145; x_wconf 91' lang='lat' dir='ltr'><strong>melior</strong></span> <span class='ocrx_word' id='word_1_173' title='bbox 1652 2079 1764 2165; x_wconf 86' lang='lat' dir='ltr'><strong>qui</strong></span> <span class='ocrx_word' id='word_1_174' title='bbox 1808 2081 1988 2165; x_wconf 89' lang='lat' dir='ltr'><strong>prior</strong></span> <span class='ocrx_word' id='word_1_175' title='bbox 2030 2079 2262 2165; x_wconf 90' lang='lat' dir='ltr'><strong>pedem</strong></span> 
     </span>
     <span class='ocr_line' id='line_1_24' title="bbox 206 2167 2263 2254; baseline 0 -20"><span class='ocrx_word' id='word_1_176' title='bbox 206 2168 484 2252; x_wconf 88' lang='lat' dir='ltr'><strong>rettulit,</strong></span> <span class='ocrx_word' id='word_1_177' title='bbox 549 2169 760 2235; x_wconf 79' lang='lat' dir='ltr'><strong>victus</strong></span> <span class='ocrx_word' id='word_1_178' title='bbox 825 2172 923 2234; x_wconf 86' lang='lat' dir='ltr'><strong>est</strong></span> <span class='ocrx_word' id='word_1_179' title='bbox 987 2168 1100 2254; x_wconf 85' lang='lat' dir='ltr'><strong>qui</strong></span> <span class='ocrx_word' id='word_1_180' title='bbox 1163 2167 1339 2235; x_wconf 82' lang='lat' dir='ltr'><strong>vicit.</strong></span> <span class='ocrx_word' id='word_1_181' title='bbox 1455 2168 1773 2254; x_wconf 86' lang='lat' dir='ltr'><strong>percussit</strong></span> <span class='ocrx_word' id='word_1_182' title='bbox 1834 2173 1928 2236; x_wconf 81' lang='lat' dir='ltr'><strong>te:</strong></span> <span class='ocrx_word' id='word_1_183' title='bbox 2008 2169 2263 2253; x_wconf 85' lang='lat' dir='ltr'><strong>recede3</strong></span> 
     </span>
     <span class='ocr_line' id='line_1_25' title="bbox 207 2257 2261 2344; baseline 0 -21"><span class='ocrx_word' id='word_1_184' title='bbox 207 2257 565 2324; x_wconf 85' lang='lat' dir='ltr'><strong>referiendo</strong></span> <span class='ocrx_word' id='word_1_185' title='bbox 631 2257 805 2323; x_wconf 91' lang='lat' dir='ltr'><strong>enim</strong></span> <span class='ocrx_word' id='word_1_186' title='bbox 867 2261 932 2324; x_wconf 89' lang='lat' dir='ltr'><strong>et</strong></span> <span class='ocrx_word' id='word_1_187' title='bbox 992 2257 1397 2325; x_wconf 85' lang='lat' dir='ltr'><strong>occasionem</strong></span> <span class='ocrx_word' id='word_1_188' title='bbox 1452 2259 1707 2344; x_wconf 88' lang='lat' dir='ltr'><strong>saepius</strong></span> <span class='ocrx_word' id='word_1_189' title='bbox 1761 2258 2034 2325; x_wconf 84' lang='lat' dir='ltr'><strong>feriendi</strong></span> <span class='ocrx_word' id='word_1_190' title='bbox 2078 2259 2261 2324; x_wconf 88' lang='lat' dir='ltr'><strong>dabis</strong></span> 
     </span>
     <span class='ocr_line' id='line_1_26' title="bbox 207 2347 2043 2433; baseline -0.001 -20"><span class='ocrx_word' id='word_1_191' title='bbox 207 2350 271 2413; x_wconf 90' lang='lat' dir='ltr'><strong>et</strong></span> <span class='ocrx_word' id='word_1_192' title='bbox 318 2347 831 2432; x_wconf 81' lang='lat' dir='ltr'><strong>excusationem3</strong></span> <span class='ocrx_word' id='word_1_193' title='bbox 883 2368 1020 2411; x_wconf 90' lang='lat' dir='ltr'><strong>non</strong></span> <span class='ocrx_word' id='word_1_194' title='bbox 1062 2347 1308 2433; x_wconf 85' lang='lat' dir='ltr'><strong>poteris</strong></span> <span class='ocrx_word' id='word_1_195' title='bbox 1354 2349 1629 2431; x_wconf 62' lang='lat' dir='ltr'><strong>revelli,</strong></span> <span class='ocrx_word' id='word_1_196' title='bbox 1653 2368 1801 2414; x_wconf 87' lang='lat' dir='ltr'><strong>cum</strong></span> <span class='ocrx_word' id='word_1_197' title='bbox 1846 2349 2043 2414; x_wconf 81' lang='lat' dir='ltr'><strong>voles.</strong></span> 
     </span>
     <span class='ocr_line' id='line_1_27' title="bbox 138 2435 2266 2523; baseline 0 -23"><span class='ocrx_word' id='word_1_198' title='bbox 138 2451 164 2500; x_wconf 89' lang='lat'>1</span> <span class='ocrx_word' id='word_1_199' title='bbox 387 2435 653 2501; x_wconf 89' lang='lat' dir='ltr'>XXXV.</span> <span class='ocrx_word' id='word_1_200' title='bbox 739 2435 1082 2520; x_wconf 87' lang='lat' dir='ltr'><strong>Numquid</strong></span> <span class='ocrx_word' id='word_1_201' title='bbox 1145 2435 1304 2501; x_wconf 79' lang='lat' dir='ltr'><strong>velit</strong></span> <span class='ocrx_word' id='word_1_202' title='bbox 1368 2437 1711 2521; x_wconf 85' lang='lat' dir='ltr'><strong>quisquam</strong></span> <span class='ocrx_word' id='word_1_203' title='bbox 1780 2439 1915 2501; x_wconf 88' lang='lat' dir='ltr'><strong>tam</strong></span> <span class='ocrx_word' id='word_1_204' title='bbox 1978 2435 2266 2523; x_wconf 81' lang='lat' dir='ltr'><strong>graviter</strong></span> 
     </span>
     <span class='ocr_line' id='line_1_28' title="bbox 205 2525 2265 2610; baseline 0 -21"><span class='ocrx_word' id='word_1_205' title='bbox 205 2525 460 2608; x_wconf 86' lang='lat' dir='ltr'><strong>hostem</strong></span> <span class='ocrx_word' id='word_1_206' title='bbox 522 2525 741 2609; x_wconf 89' lang='lat' dir='ltr'><strong>ferire,</strong></span> <span class='ocrx_word' id='word_1_207' title='bbox 801 2529 875 2590; x_wconf 89' lang='lat' dir='ltr'><strong>ut</strong></span> <span class='ocrx_word' id='word_1_208' title='bbox 931 2525 1258 2610; x_wconf 86' lang='lat' dir='ltr'><strong>relinquat</strong></span> <span class='ocrx_word' id='word_1_209' title='bbox 1316 2547 1580 2591; x_wconf 89' lang='lat' dir='ltr'><strong>manum</strong></span> <span class='ocrx_word' id='word_1_210' title='bbox 1638 2525 1711 2590; x_wconf 94' lang='lat' dir='ltr'><strong>in</strong></span> <span class='ocrx_word' id='word_1_211' title='bbox 1761 2526 2027 2591; x_wconf 76' lang='lat' dir='ltr'><strong>vulnere</strong></span> <span class='ocrx_word' id='word_1_212' title='bbox 2080 2528 2146 2591; x_wconf 90' lang='lat' dir='ltr'><strong>et</strong></span> <span class='ocrx_word' id='word_1_213' title='bbox 2192 2546 2265 2590; x_wconf 91' lang='lat' dir='ltr'><strong>se</strong></span> 
     </span>
    </p>
   </div>
   <div class='ocr_carea' id='block_1_3' title="bbox 193 2663 2266 3518">
    <p class='ocr_par' dir='ltr' id='par_1_3' title="bbox 193 2663 2266 3518">
     <span class='ocr_line' id='line_1_29' title="bbox 387 2663 2266 2735; baseline -0.001 -15"><span class='ocrx_word' id='word_1_214' title='bbox 387 2663 424 2720; x_wconf 98' lang='grc'><strong>2</strong></span> <span class='ocrx_word' id='word_1_215' title='bbox 459 2663 754 2735; x_wconf 68' lang='lat' dir='ltr'><strong>inbecillis</strong></span> <span class='ocrx_word' id='word_1_216' title='bbox 781 2666 856 2732; x_wconf 89' lang='lat' dir='ltr'><strong><em>A,</em></strong></span> <span class='ocrx_word' id='word_1_217' title='bbox 894 2665 1042 2735; x_wconf 74' lang='lat' dir='ltr'><strong>quod</strong></span> <span class='ocrx_word' id='word_1_218' title='bbox 1076 2666 1196 2722; x_wconf 82' lang='lat' dir='ltr'><strong>coll.</strong></span> <span class='ocrx_word' id='word_1_219' title='bbox 1228 2665 1363 2720; x_wconf 83' lang='lat' dir='ltr'><strong>dial.</strong></span> <span class='ocrx_word' id='word_1_220' title='bbox 1401 2665 1565 2732; x_wconf 75' lang='lat'><strong><em>1⁷25,</em></strong></span> <span class='ocrx_word' id='word_1_221' title='bbox 1583 2669 1619 2720; x_wconf 88' lang='lat'><strong><em>3</em></strong></span> <span class='ocrx_word' id='word_1_222' title='bbox 1656 2671 1869 2720; x_wconf 74' lang='lat' dir='ltr'><strong>mutare</strong></span> <span class='ocrx_word' id='word_1_223' title='bbox 1904 2681 2018 2720; x_wconf 77' lang='lat' dir='ltr'><strong>mm</strong></span> <span class='ocrx_word' id='word_1_224' title='bbox 2053 2665 2266 2730; x_wconf 58' lang='lat' dir='ltr'><strong>audem</strong></span> 
     </span>
     <span class='ocr_line' id='line_1_30' title="bbox 204 2707 2259 2805; baseline 0 -14"><span class='ocrx_word' id='word_1_225' title='bbox 204 2737 472 2792; x_wconf 82' lang='lat' dir='ltr'><strong>inbecillo</strong></span> <span class='ocrx_word' id='word_1_226' title='bbox 517 2737 600 2791; x_wconf 84' lang='lat' dir='ltr'><strong>ibi</strong></span> <span class='ocrx_word' id='word_1_227' title='bbox 645 2707 966 2793; x_wconf 77' lang='lat' dir='ltr'><strong>adverbium</strong></span> <span class='ocrx_word' id='word_1_228' title='bbox 1013 2753 1124 2792; x_wconf 78' lang='lat' dir='ltr'><strong>esse</strong></span> <span class='ocrx_word' id='word_1_229' title='bbox 1169 2737 1389 2793; x_wconf 77' lang='lat' dir='ltr'><strong>Gertzio</strong></span> <span class='ocrx_word' id='word_1_230' title='bbox 1432 2752 1549 2790; x_wconf 73' lang='lat' dir='ltr'><strong>non</strong></span> <span class='ocrx_word' id='word_1_231' title='bbox 1593 2737 1841 2792; x_wconf 76' lang='lat' dir='ltr'><strong>concedo.</strong></span> <span class='ocrx_word' id='word_1_232' title='bbox 1892 2737 1993 2802; x_wconf 78' lang='lat' dir='ltr'><strong>cfr.</strong></span> <span class='ocrx_word' id='word_1_233' title='bbox 2020 2742 2136 2791; x_wconf 75' lang='lat' dir='ltr'><strong>nat</strong></span> <span class='ocrx_word' id='word_1_234' title='bbox 2168 2752 2259 2805; x_wconf 76' lang='lat' dir='ltr'><strong>qu</strong></span> 
     </span>
     <span class='ocr_line' id='line_1_31' title="bbox 206 2805 2265 2934; baseline -0.001 -70"><span class='ocrx_word' id='word_1_235' title='bbox 206 2809 282 2864; x_wconf 91' lang='lat' dir='ltr'><strong>II</strong></span> <span class='ocrx_word' id='word_1_236' title='bbox 312 2814 364 2875; x_wconf 88' lang='lat'><strong>6,</strong></span> <span class='ocrx_word' id='word_1_237' title='bbox 383 2813 444 2863; x_wconf 84' lang='lat'><strong>6.-</strong></span> <span class='ocrx_word' id='word_1_238' title='bbox 495 2809 745 2878; x_wconf 82' lang='lat' dir='ltr'><strong>segetem</strong></span> <span class='ocrx_word' id='word_1_239' title='bbox 791 2805 1117 2863; x_wconf 87' lang='lat' dir='ltr'><strong>inbecillem</strong></span> <span class='ocrx_word' id='word_1_240' title='bbox 1169 2805 1362 2876; x_wconf 84' lang='lat' dir='ltr'>(BEW</span> <span class='ocrx_word' id='word_1_241' title='bbox 1396 2822 1518 2861; x_wconf 87' lang='lat' dir='ltr'><strong>-am</strong></span> <span class='ocrx_word' id='word_1_242' title='bbox 1552 2807 1629 2877; x_wconf 82' lang='lat' dir='ltr'><strong><em>L</em></strong></span> <span class='ocrx_word' id='word_1_243' title='bbox 1608 2805 1698 2934; x_wconf 46' lang='lat' dir='ltr'><strong>A!</strong></span> <span class='ocrx_word' id='word_1_244' title='bbox 1746 2806 1783 2860; x_wconf 79' lang='lat'>5</span> <span class='ocrx_word' id='word_1_245' title='bbox 1832 2806 2139 2862; x_wconf 72' lang='lat' dir='ltr'><strong>redimetur</strong></span> <span class='ocrx_word' id='word_1_246' title='bbox 2175 2807 2265 2932; x_wconf 77' lang='lat' dir='ltr'><strong><em>A⁶</em></strong></span> 
     </span>
     <span class='ocr_line' id='line_1_32' title="bbox 204 2877 2103 2966; baseline -0.001 -32"><span class='ocrx_word' id='word_1_247' title='bbox 204 2881 322 2950; x_wconf 90' lang='lat' dir='ltr'><strong>(tur</strong></span> <span class='ocrx_word' id='word_1_248' title='bbox 347 2880 411 2933; x_wconf 73' lang='lat' dir='ltr'><strong>in</strong></span> <span class='ocrx_word' id='word_1_249' title='bbox 439 2896 552 2935; x_wconf 80' lang='lat' dir='ltr'><strong>ras.</strong></span> <span class='ocrx_word' id='word_1_250' title='bbox 581 2880 808 2966; x_wconf 77' lang='lat' dir='ltr'><strong>maiore)</strong></span> <span class='ocrx_word' id='word_1_251' title='bbox 887 2877 924 2934; x_wconf 90' lang='grc'>8</span> <span class='ocrx_word' id='word_1_252' title='bbox 951 2895 1064 2934; x_wconf 86' lang='lat' dir='ltr'><strong>ne.</strong></span> <span class='ocrx_word' id='word_1_253' title='bbox 1141 2877 1407 2945; x_wconf 76' lang='lat' dir='ltr'><strong>,liber-is,</strong></span> <span class='ocrx_word' id='word_1_254' title='bbox 1437 2878 1588 2932; x_wconf 88' lang='lat' dir='ltr'><strong>inter</strong></span> <span class='ocrx_word' id='word_1_255' title='bbox 1688 2878 1855 2950; x_wconf 70' lang='lat' dir='ltr'><strong>adv-iq</strong></span> <span class='ocrx_word' id='word_1_256' title='bbox 1880 2879 2103 2947; x_wconf 75' lang='lat' dir='ltr'><strong>inter-pu</strong></span> 
     </span>
     <span class='ocr_line' id='line_1_33' title="bbox 204 2948 2261 3032; baseline -0 -27"><span class='ocrx_word' id='word_1_257' title='bbox 204 2957 372 3006; x_wconf 81' lang='lat' dir='ltr'><strong>antea</strong></span> <span class='ocrx_word' id='word_1_258' title='bbox 408 2949 522 3017; x_wconf 78' lang='lat' dir='ltr'><strong>fuit</strong></span> <span class='ocrx_word' id='word_1_259' title='bbox 558 2957 672 3006; x_wconf 85' lang='lat' dir='ltr'><strong>n’e.</strong></span> <span class='ocrx_word' id='word_1_260' title='bbox 752 2950 838 3006; x_wconf 90' lang='grc'><strong>,11</strong></span> <span class='ocrx_word' id='word_1_261' title='bbox 880 2951 1006 3005; x_wconf 86' lang='lat' dir='ltr'><strong>eris.</strong></span> <span class='ocrx_word' id='word_1_262' title='bbox 1045 2950 1195 3004; x_wconf 87' lang='lat' dir='ltr'><strong>inter</strong></span> <span class='ocrx_word' id='word_1_263' title='bbox 1235 2951 1241 3021; x_wconf 73' lang='grc'>1</span> <span class='ocrx_word' id='word_1_264' title='bbox 1286 2966 1311 3004; x_wconf 88' lang='lat' dir='ltr'><strong>s</strong></span> <span class='ocrx_word' id='word_1_265' title='bbox 1312 2948 1505 3032; x_wconf 65' lang='lat' dir='ltr'><strong>yllane</strong></span> <span class='ocrx_word' id='word_1_266' title='bbox 1532 2949 1589 3004; x_wconf 91' lang='lat' dir='ltr'><strong><em>A</em></strong></span> <span class='ocrx_word' id='word_1_267' title='bbox 1599 2949 1645 3022; x_wconf 78' lang='grc' dir='ltr'><strong>ΙΙ</strong></span> <span class='ocrx_word' id='word_1_268' title='bbox 1678 2949 1717 3004; x_wconf 72' lang='grc'>9</span> <span class='ocrx_word' id='word_1_269' title='bbox 1753 2948 1826 3002; x_wconf 81' lang='lat' dir='ltr'><strong>ab</strong></span> <span class='ocrx_word' id='word_1_270' title='bbox 1854 2950 1911 3004; x_wconf 88' lang='lat' dir='ltr'><strong><em>A</em></strong></span> <span class='ocrx_word' id='word_1_271' title='bbox 1948 2949 2071 3019; x_wconf 80' lang='lat' dir='ltr'><strong>(cfr.</strong></span> <span class='ocrx_word' id='word_1_272' title='bbox 2102 2951 2261 3019; x_wconf 75' lang='lat' dir='ltr'><strong>epist</strong></span> 
     </span>
     <span class='ocr_line' id='line_1_34' title="bbox 193 3018 2264 3094; baseline -0.002 -16"><span class='ocrx_word' id='word_1_273' title='bbox 193 3039 256 3092; x_wconf 86' lang='grc' dir='ltr'><strong>Ρ.</strong></span> <span class='ocrx_word' id='word_1_274' title='bbox 287 3025 414 3089; x_wconf 85' lang='lat'><strong><em>306,</em></strong></span> <span class='ocrx_word' id='word_1_275' title='bbox 433 3025 500 3076; x_wconf 90' lang='grc'><strong>11</strong></span> <span class='ocrx_word' id='word_1_276' title='bbox 530 3021 740 3090; x_wconf 77' lang='lat' dir='ltr'><strong>Hense)</strong></span> <span class='ocrx_word' id='word_1_277' title='bbox 775 3020 796 3094; x_wconf 89' lang='grc' dir='ltr'><strong>ΙΙ</strong></span> <span class='ocrx_word' id='word_1_278' title='bbox 831 3020 904 3076; x_wconf 77' lang='grc'><strong>18</strong></span> <span class='ocrx_word' id='word_1_279' title='bbox 929 3023 1080 3092; x_wconf 87' lang='lat' dir='ltr'><strong>petit</strong></span> <span class='ocrx_word' id='word_1_280' title='bbox 1105 3021 1231 3077; x_wconf 90' lang='lat' dir='ltr'><strong>AL</strong></span> <span class='ocrx_word' id='word_1_281' title='bbox 1266 3020 1439 3090; x_wconf 88' lang='lat' dir='ltr'><strong>petiit</strong></span> <span class='ocrx_word' id='word_1_282' title='bbox 1474 3020 1593 3076; x_wconf 89' lang='lat' dir='ltr'><strong>edd.</strong></span> <span class='ocrx_word' id='word_1_283' title='bbox 1630 3021 1651 3093; x_wconf 84' lang='grc' dir='ltr'><strong>ΙΙ</strong></span> <span class='ocrx_word' id='word_1_284' title='bbox 1686 3018 1759 3074; x_wconf 84' lang='grc'><strong>20</strong></span> <span class='ocrx_word' id='word_1_285' title='bbox 1784 3027 1917 3090; x_wconf 78' lang='lat' dir='ltr'><strong>post</strong></span> <span class='ocrx_word' id='word_1_286' title='bbox 1943 3019 2126 3076; x_wconf 87' lang='lat' dir='ltr'><strong>altera</strong></span> <span class='ocrx_word' id='word_1_287' title='bbox 2151 3036 2264 3076; x_wconf 73' lang='lat' dir='ltr'><strong>vox</strong></span> 
     </span>
     <span class='ocr_line' id='line_1_35' title="bbox 201 3065 2263 3162; baseline -0.001 -13"><span class='ocrx_word' id='word_1_288' title='bbox 201 3110 302 3149; x_wconf 75' lang='lat' dir='ltr'><strong>sex</strong></span> <span class='ocrx_word' id='word_1_289' title='bbox 331 3065 668 3160; x_wconf 65' lang='lat' dir='ltr'><strong>lit’terarwm,</strong></span> <span class='ocrx_word' id='word_1_290' title='bbox 696 3099 761 3148; x_wconf 75' lang='lat' dir='ltr'><strong>ut</strong></span> <span class='ocrx_word' id='word_1_291' title='bbox 785 3091 918 3160; x_wconf 65' lang='lat' dir='ltr'><strong>vid„</strong></span> <span class='ocrx_word' id='word_1_292' title='bbox 947 3109 1109 3148; x_wconf 79' lang='lat' dir='ltr'><strong>erasa</strong></span> <span class='ocrx_word' id='word_1_293' title='bbox 1135 3099 1242 3160; x_wconf 80' lang='lat' dir='ltr'><strong>est,-</strong></span> <span class='ocrx_word' id='word_1_294' title='bbox 1270 3098 1379 3148; x_wconf 81' lang='lat' dir='ltr'><strong>tres</strong></span> <span class='ocrx_word' id='word_1_295' title='bbox 1400 3093 1621 3161; x_wconf 77' lang='lat' dir='ltr'><strong>primae</strong></span> <span class='ocrx_word' id='word_1_296' title='bbox 1647 3107 1754 3162; x_wconf 84' lang='lat' dir='ltr'><strong>par</strong></span> <span class='ocrx_word' id='word_1_297' title='bbox 1778 3092 2032 3160; x_wconf 76' lang='lat' dir='ltr'><strong>fuerunt,</strong></span> <span class='ocrx_word' id='word_1_298' title='bbox 2061 3091 2263 3147; x_wconf 75' lang='lat' dir='ltr'><strong>deinde</strong></span> 
     </span>
     <span class='ocr_line' id='line_1_36' title="bbox 200 3163 2254 3234; baseline -0.001 -14"><span class='ocrx_word' id='word_1_299' title='bbox 200 3165 335 3232; x_wconf 80' lang='lat' dir='ltr'><strong>fort.</strong></span> <span class='ocrx_word' id='word_1_300' title='bbox 375 3166 461 3219; x_wconf 87' lang='lat' dir='ltr'><strong>tes</strong></span> <span class='ocrx_word' id='word_1_301' title='bbox 577 3163 646 3218; x_wconf 90' lang='grc'><strong>21</strong></span> <span class='ocrx_word' id='word_1_302' title='bbox 683 3164 850 3234; x_wconf 80' lang='lat' dir='ltr'><strong>paria</strong></span> <span class='ocrx_word' id='word_1_303' title='bbox 878 3163 984 3231; x_wconf 86' lang='lat' dir='ltr'><strong><em>A²,·</em></strong></span> <span class='ocrx_word' id='word_1_304' title='bbox 1018 3181 1192 3234; x_wconf 75' lang='lat' dir='ltr'><strong>supra</strong></span> <span class='ocrx_word' id='word_1_305' title='bbox 1226 3164 1483 3219; x_wconf 77' lang='lat' dir='ltr'><strong>ultimam</strong></span> <span class='ocrx_word' id='word_1_306' title='bbox 1521 3178 1555 3216; x_wconf 83' lang='lat' dir='ltr'><strong>a</strong></span> <span class='ocrx_word' id='word_1_307' title='bbox 1593 3165 1712 3218; x_wconf 81' lang='lat' dir='ltr'><strong>alia</strong></span> <span class='ocrx_word' id='word_1_308' title='bbox 1746 3180 1894 3219; x_wconf 80' lang='lat' dir='ltr'><strong>man.</strong></span> <span class='ocrx_word' id='word_1_309' title='bbox 1932 3166 2154 3234; x_wconf 75' lang='lat' dir='ltr'><strong>siqnwm</strong></span> <span class='ocrx_word' id='word_1_310' title='bbox 2202 3184 2254 3218; x_wconf 92' lang='lat' dir='ltr'><strong><em>A</em></strong></span> 
     </span>
     <span class='ocr_line' id='line_1_37' title="bbox 201 3233 2256 3305; baseline 0 -15"><span class='ocrx_word' id='word_1_311' title='bbox 201 3236 471 3305; x_wconf 78' lang='lat' dir='ltr'><strong>adposuit</strong></span> <span class='ocrx_word' id='word_1_312' title='bbox 558 3235 628 3290; x_wconf 90' lang='grc'><strong>21</strong></span> <span class='ocrx_word' id='word_1_313' title='bbox 667 3236 783 3290; x_wconf 86' lang='lat' dir='ltr'><strong>cod.</strong></span> <span class='ocrx_word' id='word_1_314' title='bbox 813 3235 870 3290; x_wconf 94' lang='lat' dir='ltr'><strong><em>A</em></strong></span> <span class='ocrx_word' id='word_1_315' title='bbox 904 3237 1055 3305; x_wconf 78' lang='lat' dir='ltr'><strong>scrip</strong></span> <span class='ocrx_word' id='word_1_316' title='bbox 1055 3242 1266 3290; x_wconf 78' lang='lat' dir='ltr'><strong>turam.-</strong></span> <span class='ocrx_word' id='word_1_317' title='bbox 1305 3233 1405 3288; x_wconf 89' lang='lat' dir='ltr'><strong>sed</strong></span> <span class='ocrx_word' id='word_1_318' title='bbox 1435 3234 1721 3302; x_wconf 84' lang='lat' dir='ltr'><strong>utrimque</strong></span> <span class='ocrx_word' id='word_1_319' title='bbox 1750 3233 1995 3288; x_wconf 86' lang='lat' dir='ltr'><strong>certabit</strong></span> <span class='ocrx_word' id='word_1_320' title='bbox 2030 3233 2088 3304; x_wconf 87' lang='lat' dir='ltr'><strong>(b</strong></span> <span class='ocrx_word' id='word_1_321' title='bbox 2118 3251 2256 3291; x_wconf 74' lang='lat' dir='ltr'><strong>corr.</strong></span> 
     </span>
     <span class='ocr_line' id='line_1_38' title="bbox 201 3305 2261 3377; baseline -0 -15"><span class='ocrx_word' id='word_1_322' title='bbox 201 3307 316 3362; x_wconf 76' lang='lat' dir='ltr'><strong>vid.</strong></span> <span class='ocrx_word' id='word_1_323' title='bbox 350 3323 418 3361; x_wconf 82' lang='lat' dir='ltr'><strong>ex</strong></span> <span class='ocrx_word' id='word_1_324' title='bbox 451 3309 514 3374; x_wconf 89' lang='lat' dir='ltr'><strong>u)</strong></span> <span class='ocrx_word' id='word_1_325' title='bbox 557 3307 646 3360; x_wconf 84' lang='lat' dir='ltr'><strong>ira</strong></span> <span class='ocrx_word' id='word_1_326' title='bbox 693 3307 823 3362; x_wconf 81' lang='lat' dir='ltr'><strong>bene</strong></span> <span class='ocrx_word' id='word_1_327' title='bbox 841 3306 1116 3374; x_wconf 75' lang='lat' dir='ltr'><strong>defendit</strong></span> <span class='ocrx_word' id='word_1_328' title='bbox 1153 3307 1363 3361; x_wconf 77' lang='lat' dir='ltr'><strong>Vahlen</strong></span> <span class='ocrx_word' id='word_1_329' title='bbox 1404 3305 1607 3375; x_wconf 74' lang='lat' dir='ltr'><strong>(praef.</strong></span> <span class='ocrx_word' id='word_1_330' title='bbox 1638 3305 1719 3361; x_wconf 83' lang='lat' dir='ltr'><strong>ed.</strong></span> <span class='ocrx_word' id='word_1_331' title='bbox 1749 3306 2000 3375; x_wconf 76' lang='grc' dir='ltr'><strong>ΚοοῙι.Ρ</strong></span> <span class='ocrx_word' id='word_1_332' title='bbox 2004 3306 2261 3377; x_wconf 82' lang='lat' dir='ltr'><strong><em>.,V1H)</em></strong></span> 
     </span>
     <span class='ocr_line' id='line_1_39' title="bbox 202 3366 2260 3448; baseline 0.002 -18"><span class='ocrx_word' id='word_1_333' title='bbox 202 3377 320 3430; x_wconf 78' lang='lat' dir='ltr'><strong>nisi</strong></span> <span class='ocrx_word' id='word_1_334' title='bbox 351 3378 495 3446; x_wconf 72' lang='lat' dir='ltr'><strong>quod</strong></span> <span class='ocrx_word' id='word_1_335' title='bbox 513 3383 739 3446; x_wconf 75' lang='lat' dir='ltr'><strong>praeter</strong></span> <span class='ocrx_word' id='word_1_336' title='bbox 764 3366 1134 3434; x_wconf 75' lang='lat' dir='ltr'><strong>necessitatem</strong></span> <span class='ocrx_word' id='word_1_337' title='bbox 1164 3377 1476 3432; x_wconf 84' lang='lat' dir='ltr'><strong>certabitur</strong></span> <span class='ocrx_word' id='word_1_338' title='bbox 1502 3377 1778 3433; x_wconf 76' lang='lat' dir='ltr'><strong>desiderat</strong></span> <span class='ocrx_word' id='word_1_339' title='bbox 1800 3378 1821 3447; x_wconf 80' lang='grc'><strong>11</strong></span> <span class='ocrx_word' id='word_1_340' title='bbox 1846 3375 1918 3431; x_wconf 79' lang='grc'><strong>26</strong></span> <span class='ocrx_word' id='word_1_341' title='bbox 1943 3394 2021 3448; x_wconf 77' lang='lat' dir='ltr'><strong>sq.</strong></span> <span class='ocrx_word' id='word_1_342' title='bbox 2042 3393 2164 3447; x_wconf 76' lang='grc' dir='ltr'><em>οαΡ.</em></span> <span class='ocrx_word' id='word_1_343' title='bbox 2185 3383 2260 3435; x_wconf 85' lang='grc'><strong>35</strong></span> 
     </span>
     <span class='ocr_line' id='line_1_40' title="bbox 211 3448 1692 3518; baseline 0.005 -18"><span class='ocrx_word' id='word_1_344' title='bbox 211 3448 468 3502; x_wconf 73' lang='lat' dir='ltr'><strong>sectiones</strong></span> <span class='ocrx_word' id='word_1_345' title='bbox 507 3453 538 3502; x_wconf 89' lang='lat'><strong><em>1</em></strong></span> <span class='ocrx_word' id='word_1_346' title='bbox 577 3454 626 3503; x_wconf 78' lang='lat' dir='ltr'><strong>et</strong></span> <span class='ocrx_word' id='word_1_347' title='bbox 659 3451 699 3502; x_wconf 80' lang='lat'><strong><em>2</em></strong></span> <span class='ocrx_word' id='word_1_348' title='bbox 735 3450 913 3518; x_wconf 79' lang='lat' dir='ltr'><strong>capiti</strong></span> <span class='ocrx_word' id='word_1_349' title='bbox 948 3453 1021 3505; x_wconf 80' lang='lat'><strong>34</strong></span> <span class='ocrx_word' id='word_1_350' title='bbox 1057 3449 1327 3506; x_wconf 79' lang='lat' dir='ltr'><strong>adiwnxit</strong></span> <span class='ocrx_word' id='word_1_351' title='bbox 1362 3449 1529 3506; x_wconf 74' lang='lat' dir='ltr'><strong>Gertz</strong></span> <span class='ocrx_word' id='word_1_352' title='bbox 1690 3471 1692 3478; x_wconf 92' lang='lat'>·</span> 
     </span>
    </p>
   </div>
   <div class='ocr_carea' id='block_1_4' title="bbox 2306 1028 2367 1069">
    <p class='ocr_par' dir='ltr' id='par_1_4' title="bbox 2306 1028 2367 1069">
     <span class='ocr_line' id='line_1_41' title="bbox 2306 1028 2367 1069; baseline 0.033 -2"><span class='ocrx_word' id='word_1_353' title='bbox 2306 1028 2367 1069; x_wconf 78' lang='lat'><strong>10</strong></span> 
     </span>
    </p>
   </div>
   <div class='ocr_carea' id='block_1_5' title="bbox 2307 1473 2369 1515">
    <p class='ocr_par' dir='ltr' id='par_1_5' title="bbox 2307 1473 2369 1515">
     <span class='ocr_line' id='line_1_42' title="bbox 2307 1473 2369 1515; baseline 0.032 -2"><span class='ocrx_word' id='word_1_354' title='bbox 2307 1473 2369 1515; x_wconf 70' lang='grc'><strong>16</strong></span> 
     </span>
    </p>
   </div>
   <div class='ocr_carea' id='block_1_6' title="bbox 2302 2367 2364 2408">
    <p class='ocr_par' dir='ltr' id='par_1_6' title="bbox 2302 2367 2364 2408">
     <span class='ocr_line' id='line_1_43' title="bbox 2302 2367 2364 2408; baseline 0 0"><span class='ocrx_word' id='word_1_355' title='bbox 2302 2367 2364 2408; x_wconf 73' lang='lat'><strong>26</strong></span> 
     </span>
    </p>
   </div>
   <div class='ocr_carea' id='block_1_7' title="bbox 2537 1276 2540 3705">
    <p class='ocr_par' dir='ltr' id='par_1_7' title="bbox 2537 1276 2540 3705">
     <span class='ocr_line' id='line_1_44' title="bbox 2537 1276 2540 3705; baseline 0 0"><span class='ocrx_word' id='word_1_356' title='bbox 2537 1276 2540 3705; x_wconf 95' lang='lat' dir='ltr'><strong> </strong></span> 
     </span>
    </p>
   </div>
  </div>
 </body>
</html>
