2544 3746
131 1063 185 1103 io

130 1508 182 1550 15

123 2403 182 2444 ²5

495 92 594 145 AD
633 90 977 146 MARCIAM
1014 90 1112 145 DE
1151 88 1715 146 CONSOLATIONE
1756 89 1909 145 CAP.
1943 96 2011 145 22
2155 92 2281 159 185

224 238 418 304 nobis
475 259 733 303 sensum
787 240 1048 305 nostrae
1101 236 1278 303 necis
1335 234 1662 319 auferunt,
1719 257 1979 321 quoque
2024 236 2279 301 facilius

226 328 499 413 obrepat
553 349 757 408 mors,
811 328 932 393 sub
979 326 1122 411 ipso
1170 326 1343 391 vitae
1387 326 1651 391 nomine
1696 326 1881 391 latet:
1937 324 2279 391 infantiam

225 417 296 482 in
351 438 420 483 se
475 417 754 501 pueritia
800 417 1144 501 convertit,
1199 415 1546 500 pueritiam
1591 415 1928 499 pubertas,
1982 415 2280 480 iuvenem

224 526 425 573 senex
491 507 776 572 abstulit.
880 506 1281 583 incrementa
1348 504 1519 589 ipsa,
1588 504 1643 569 si
1700 505 1865 570 bene
1925 508 2281 590 computeS‚

224 596 464 661 damna
507 599 676 661 sunt.

405 684 610 751 XXII.
686 683 1014 769 Quereris,
1048 684 1317 766 Marcia,
1353 704 1489 748 non
1524 686 1659 747 tam
1698 682 1809 749 diu
1847 683 2056 749 filium
2092 687 2279 749 tuum

222 775 464 841 vixisse
527 796 721 859 quam
781 774 1144 860 potuisset?
1244 773 1416 838 unde
1477 772 1651 837 enim
1711 770 1836 839 scis
1893 794 1976 837 an
2036 773 2279 839 diutius

222 864 327 929 ini
387 864 741 949 expedierit
799 863 1059 930 vivere?
1157 886 1241 928 an
1300 862 1398 927 illi
1455 861 1581 928 hac
1639 866 1849 927 morte
1910 864 2280 929 consultum

224 953 356 1018 sit?
447 975 839 1039 quemquam
894 952 1182 1019 invenire
1236 952 1431 1018 hodie
1486 955 1703 1036 potes,
1757 952 1941 1017 cuius
1996 973 2096 1017 res
2142 956 2279 1018 tam

223 1043 389 1108 bene
435 1043 688 1127 positae
731 1049 879 1109 sunt
922 1042 1384 1126 fundataeque‚
1428 1045 1507 1107 ut
1549 1040 1715 1105 nihil
1760 1042 1860 1107 illi
1905 1041 2280 1126 procedenti

222 1136 521 1217 tempore
556 1133 916 1198 timendum
955 1132 1082 1197 sit?
1145 1131 1370 1196 labant
1405 1130 1692 1196 humana
1728 1152 1803 1196 ac
1831 1132 2046 1196 fluunt
2072 1152 2282 1215 neque

221 1222 362 1287 ulla
395 1243 546 1306 pars
583 1221 756 1287 vitae
791 1225 1051 1287 nostrae
1086 1225 1221 1286 tam
1261 1220 1545 1285 obnoxia
1572 1223 1686 1285 aut
1710 1223 1932 1286 tenera
1960 1224 2059 1285 est
2088 1242 2283 1305 quani

224 1332 391 1395 quae
439 1311 722 1377 maxime
756 1313 998 1397 placet,
1044 1310 1320 1395 ideoque
1356 1309 1747 1375 felicissimis
1786 1311 2072 1394 optanda
2107 1330 2281 1376 mors

223 1404 349 1484 est,
412 1401 564 1485 quia
621 1402 692 1465 in
745 1405 929 1466 tanta
981 1399 1419 1465 inconstantia
1471 1399 1792 1483 turbaque
1844 1420 2061 1464 rerum
2117 1399 2284 1465 nihil

219 1491 352 1555 nisi
408 1490 584 1575 quod
629 1493 940 1575 praeterit
986 1494 1233 1557 certum
1275 1493 1387 1554 est.
1484 1488 1628 1574 quis
1676 1489 1798 1554 tibi
1842 1488 2073 1573 recipit
2118 1489 2282 1554 illud

220 1579 321 1649 fili
357 1579 457 1644 tui
492 1580 1000 1664 pulcherrimum
1039 1601 1275 1663 corpus
1313 1583 1379 1644 et
1413 1600 1669 1644 summa
1694 1578 1959 1663 pudoris
1990 1578 2285 1644 custodia

219 1670 394 1734 inter
437 1670 811 1735 luxuriosae
856 1669 1037 1735 urbis
1085 1670 1311 1734 oculos
1359 1671 1814 1734 conservatum
1852 1668 2143 1753 potuisse
2180 1672 2283 1733 tot

219 1759 486 1824 morbos
524 1759 617 1824 ita
653 1760 946 1842 evadere,
984 1763 1060 1823 ut
1087 1757 1168 1824 ad
1197 1763 1597 1825 senectutem
1624 1758 1943 1823 inlaesum
1971 1757 2284 1843 perferret

218 1848 470 1915 formae
526 1847 765 1915 decus?
856 1850 1071 1936 cogita
1116 1848 1318 1914 animi
1365 1849 1543 1914 mille
1588 1847 1796 1932 labes3
1850 1868 2060 1932 neque
2108 1848 2281 1913 enim

217 1942 400 2004 recta
444 1939 708 2025 ingenia
754 1940 1005 2023 qualem
1056 1939 1126 2002 in
1163 1938 1602 2004 adulescentia
1637 1959 1819 2022 spem
1858 1938 1961 2002 sui
1997 1938 2283 2003 fecerant

221 2047 431 2110 usque
467 2027 538 2092 in
574 2030 970 2094 senectutem
1000 2029 1436 2112 pertulerunt,
1478 2027 1591 2092 sed
1619 2026 1976 2092 interversa
2002 2028 2282 2112 plerum-

223 2139 352 2202 que
408 2120 588 2182 sunt:
643 2122 758 2182 aut
811 2138 954 2183 sera
1009 2139 1212 2202 eoque
1259 2117 1511 2182 foedior
1554 2117 1813 2181 luxuria
1857 2115 2097 2181 invasit
2142 2137 2282 2182 coe·

220 2203 451 2292 pitque
498 2206 920 2273 dehonestare
968 2208 1260 2293 speciosa
1307 2206 1652 2291 principia,
1698 2209 1812 2270 aut
1856 2206 1926 2270 in
1970 2205 2279 2291 popinam

220 2299 646 2382 ventremque
699 2297 1158 2382 procubuerunt
1204 2297 1329 2360 toti
1376 2317 1757 2379 summaque
1802 2295 1933 2359 illis
1981 2316 2281 2361 curarum

220 2384 379 2468 fuit,
416 2386 573 2470 quid
609 2390 852 2469 essent,
890 2386 1045 2470 quid
1080 2385 1393 2466 biberent.
1468 2385 1648 2450 adice
1684 2384 2009 2469 incendia,
2042 2386 2281 2469 ruinas,

219 2473 565 2562 naufragia
616 2475 1168 2558 lacerationesque
1214 2474 1615 2539 medicorum
1664 2494 1811 2539 ossa
1854 2473 2019 2538 vivis
2066 2475 2281 2561 legen-

219 2562 391 2628 tium
451 2565 516 2628 et
569 2566 742 2629 totas
797 2563 868 2628 in
919 2564 1166 2630 viscera
1221 2585 1451 2628 manus
1508 2563 1988 2629 demittentium
2036 2566 2102 2629 et
2145 2586 2281 2629 non

404 2701 441 2757 2
478 2701 613 2758 obre
656 2704 719 2756 at
766 2719 916 2757 mors
966 2704 1055 2759 vol
1092 2746 1105 2758 .
1156 2702 1476 2773 obreptant.
1535 2720 1684 2756 mors
1721 2704 1778 2757 A
1822 2701 1829 2773 Ι
1878 2702 1997 2757 late
2033 2705 2090 2758 A
2132 2704 2139 2774 Ι
2193 2705 2281 2757 in-

220 2773 467 2828 fantiam
488 2787 524 2828 ς
548 2720 826 2843 infantem
845 2774 975 2828 AF
994 2774 1017 2917 u
1043 2721 1090 2829 'q
1103 2774 1385 2845 potuisset
1406 2777 1600 2830 Muret
1625 2775 1879 2842 potuisse
1898 2775 1954 2830 A
1981 2775 2001 2846 ΙΙ
2027 2774 2062 2828 9
2087 2792 2280 2843 quem-

222 2859 398 2914 quam
420 2846 586 2901 Gertz
613 2850 894 2914 quemque
913 2847 970 2900 A
1043 2846 1116 2901 10
1143 2847 1278 2900 sunt
1303 2846 1431 2900 add.
1457 2846 1623 2901 Gertz
1649 2844 2037 2914 fundataeque
2058 2846 2172 2900 sint
2200 2859 2235 2900 ς
2259 2846 2281 2918 ΙΙ

221 2914 886 3044 ssoerqzfflzffl
909 2919 1059 3060 m,
1091 2915 1607 3043 mmm
1625 2919 1692 3043 fi
1741 2917 1748 3060 ι
1787 2917 1864 3043 ἐξ
1898 2917 2283 3044 einim

221 3003 582 3142 pertulgrunt
629 3059 983 3144 inserendum
1035 3065 1212 3116 censet
1257 3060 1427 3116 Gertz
1474 3059 1495 3132 ΙΙ
1542 3058 1615 3114 22
1666 3021 1966 3143 coepitque
2006 3006 2283 3145 ἓσζιιιῐιεεθ

221 3131 492 3212 cogitque
529 3131 586 3213 A
632 3133 932 3213 coegitque
969 3131 1031 3186 F
1085 3131 1093 3204 Ι
1140 3129 1214 3185 24
1257 3129 1683 3201 procubuerunt
1732 3133 1843 3186 toti
1885 3131 2127 3202 Madvzq
2176 3148 2279 3202 pro

219 3201 423 3328 2¹3„ss
455 3203 746 3344 {3203332
763 3218 1006 3346 Ψῗὲ)
1055 3273 1076 3346 ῃ
1109 3203 2282 3332 ῗῗῖεοῖἳὲἓὲπίῑέῗᾚᾚίἓὲθαῗτῖ

218 3361 375 3400 nwnc
409 3346 606 3401 suadet
639 3346 704 3431 iv}
739 3317 978 3415 epistula
1015 3347 1093 3402 ad
1127 3365 1210 3402 me
1246 3348 1385 3403 data
1429 3294 1551 3432 nod)
1580 3347 1897 3433 simplicem
1935 3347 2186 3404 dolorem
2218 3350 2281 3406 A

217 3415 1437 3546 iggzidpeguqisspilffimiiggffingcgwetegunc
1465 3420 1782 3489 simplicem
1811 3419 2063 3476 dolorem
2091 3420 2281 3492 dupli-

2320 1503 2351 1551 2
