<?xml version="1.0" encoding="UTF-8"?>
<!DOCTYPE html PUBLIC "-//W3C//DTD XHTML 1.0 Transitional//EN"
    "http://www.w3.org/TR/xhtml1/DTD/xhtml1-transitional.dtd">
<html xmlns="http://www.w3.org/1999/xhtml" xml:lang="en" lang="en">
 <head>
  <title>
</title>
<meta http-equiv="Content-Type" content="text/html;charset=utf-8" />
  <meta name='ocr-system' content='tesseract 3.04.00' />
  <meta name='ocr-capabilities' content='ocr_page ocr_carea ocr_par ocr_line ocrx_word'/>
</head>
<body>
  <div class='ocr_page' id='page_1' title='image "./lannaeisenecaeo01unkngoog_0255.png"; bbox 0 0 2544 3746; ppageno 0'>
   <div class='ocr_carea' id='block_1_1' title="bbox 560 80 2316 152">
    <p class='ocr_par' dir='ltr' id='par_1_1' title="bbox 560 80 2316 152">
     <span class='ocr_line' id='line_1_1' title="bbox 560 80 2316 152; baseline 0.002 -17"><span class='ocrx_word' id='word_1_1' title='bbox 560 80 662 135; x_wconf 89' lang='lat' dir='ltr'><strong><em>AD</em></strong></span> <span class='ocrx_word' id='word_1_2' title='bbox 701 81 1129 137; x_wconf 85' lang='lat' dir='ltr'><strong>GALLIONEM</strong></span> <span class='ocrx_word' id='word_1_3' title='bbox 1165 82 1262 136; x_wconf 89' lang='lat' dir='ltr'><strong><em>DE</em></strong></span> <span class='ocrx_word' id='word_1_4' title='bbox 1300 82 1479 137; x_wconf 84' lang='lat' dir='ltr'><strong>VITA</strong></span> <span class='ocrx_word' id='word_1_5' title='bbox 1515 83 1760 138; x_wconf 84' lang='lat' dir='ltr'>BEATA</span> <span class='ocrx_word' id='word_1_6' title='bbox 1797 82 1949 138; x_wconf 87' lang='lat' dir='ltr'>CAP.</span> <span class='ocrx_word' id='word_1_7' title='bbox 1982 90 2049 139; x_wconf 84' lang='lat'><strong><em>28</em></strong></span> <span class='ocrx_word' id='word_1_8' title='bbox 2191 88 2316 152; x_wconf 72' lang='lat'><strong><em>231</em></strong></span> 
     </span>
    </p>
   </div>
   <div class='ocr_carea' id='block_1_2' title="bbox 273 225 2328 1151">
    <p class='ocr_par' dir='ltr' id='par_1_2' title="bbox 273 225 2328 1151">
     <span class='ocr_line' id='line_1_2' title="bbox 283 225 2322 295; baseline 0.001 -16"><span class='ocrx_word' id='word_1_9' title='bbox 283 226 434 279; x_wconf 70' lang='lat' dir='ltr'><strong><em>hunc</em></strong></span> <span class='ocrx_word' id='word_1_10' title='bbox 479 226 622 279; x_wconf 90' lang='lat' dir='ltr'><strong><em>enim</em></strong></span> <span class='ocrx_word' id='word_1_11' title='bbox 668 225 870 280; x_wconf 82' lang='lat' dir='ltr'><strong><em>librum</em></strong></span> <span class='ocrx_word' id='word_1_12' title='bbox 909 227 1054 279; x_wconf 88' lang='lat' dir='ltr'><strong><em>inter</em></strong></span> <span class='ocrx_word' id='word_1_13' title='bbox 1089 225 1336 295; x_wconf 75' lang='lat' dir='ltr'><strong><em>dialoyos</em></strong></span> <span class='ocrx_word' id='word_1_14' title='bbox 1372 226 1438 280; x_wconf 81' lang='lat' dir='ltr'><strong><em>de</em></strong></span> <span class='ocrx_word' id='word_1_15' title='bbox 1472 227 1589 281; x_wconf 85' lang='lat' dir='ltr'><strong><em>vita</em></strong></span> <span class='ocrx_word' id='word_1_16' title='bbox 1626 226 1783 281; x_wconf 87' lang='lat' dir='ltr'><strong><em>beata</em></strong></span> <span class='ocrx_word' id='word_1_17' title='bbox 1820 233 1869 281; x_wconf 89' lang='lat' dir='ltr'><strong><em>et</em></strong></span> <span class='ocrx_word' id='word_1_18' title='bbox 1906 228 1971 281; x_wconf 84' lang='lat' dir='ltr'><strong><em>de</em></strong></span> <span class='ocrx_word' id='word_1_19' title='bbox 2008 228 2322 295; x_wconf 79' lang='lat' dir='ltr'><strong><em>tranquilli-</em></strong></span> 
     </span>
     <span class='ocr_line' id='line_1_3' title="bbox 285 297 2320 368; baseline 0.001 -18"><span class='ocrx_word' id='word_1_20' title='bbox 285 302 398 351; x_wconf 89' lang='lat' dir='ltr'><strong><em>tate</em></strong></span> <span class='ocrx_word' id='word_1_21' title='bbox 442 297 622 350; x_wconf 90' lang='lat' dir='ltr'><strong><em>animi</em></strong></span> <span class='ocrx_word' id='word_1_22' title='bbox 665 298 794 351; x_wconf 83' lang='lat' dir='ltr'><strong><em>olim</em></strong></span> <span class='ocrx_word' id='word_1_23' title='bbox 839 298 1078 352; x_wconf 78' lang='lat' dir='ltr'><strong><em>extitisse</em></strong></span> <span class='ocrx_word' id='word_1_24' title='bbox 1112 298 1196 351; x_wconf 77' lang='lat' dir='ltr'><strong><em>vel</em></strong></span> <span class='ocrx_word' id='word_1_25' title='bbox 1234 314 1303 352; x_wconf 87' lang='lat' dir='ltr'><strong><em>ex</em></strong></span> <span class='ocrx_word' id='word_1_26' title='bbox 1336 298 1519 352; x_wconf 83' lang='lat' dir='ltr'><strong><em>indice</em></strong></span> <span class='ocrx_word' id='word_1_27' title='bbox 1554 298 1817 353; x_wconf 86' lang='lat' dir='ltr'><strong><em>librorum</em></strong></span> <span class='ocrx_word' id='word_1_28' title='bbox 1854 299 2030 353; x_wconf 83' lang='lat' dir='ltr'><strong><em>codici</em></strong></span> <span class='ocrx_word' id='word_1_29' title='bbox 2066 301 2120 354; x_wconf 84' lang='lat' dir='ltr'><strong><em>A</em></strong></span> <span class='ocrx_word' id='word_1_30' title='bbox 2158 316 2320 368; x_wconf 90' lang='lat' dir='ltr'><strong><em>prae·</em></strong></span> 
     </span>
     <span class='ocr_line' id='line_1_4' title="bbox 284 367 2321 438; baseline 0.001 -15"><span class='ocrx_word' id='word_1_31' title='bbox 284 370 400 436; x_wconf 75' lang='lat' dir='ltr'><strong><em>fixo</em></strong></span> <span class='ocrx_word' id='word_1_32' title='bbox 449 374 694 437; x_wconf 88' lang='lat' dir='ltr'><strong><em>apparet.</em></strong></span> <span class='ocrx_word' id='word_1_33' title='bbox 769 367 998 435; x_wconf 85' lang='lat' dir='ltr'><strong><em>scilicet,</em></strong></span> <span class='ocrx_word' id='word_1_34' title='bbox 1047 375 1113 423; x_wconf 90' lang='lat' dir='ltr'><strong><em>ut</em></strong></span> <span class='ocrx_word' id='word_1_35' title='bbox 1156 369 1383 424; x_wconf 81' lang='lat' dir='ltr'><strong><em>Fickert</em></strong></span> <span class='ocrx_word' id='word_1_36' title='bbox 1424 370 1737 438; x_wconf 86' lang='lat' dir='ltr'><strong><em>suspicatus</em></strong></span> <span class='ocrx_word' id='word_1_37' title='bbox 1782 376 1897 437; x_wconf 70' lang='lat' dir='ltr'><strong><em>est,‘</em></strong></span> <span class='ocrx_word' id='word_1_38' title='bbox 1928 372 1991 424; x_wconf 93' lang='lat' dir='ltr'><strong><em>in</em></strong></span> <span class='ocrx_word' id='word_1_39' title='bbox 2032 387 2091 426; x_wconf 88' lang='lat' dir='ltr'><strong><em>eo</em></strong></span> <span class='ocrx_word' id='word_1_40' title='bbox 2128 372 2321 436; x_wconf 83' lang='lat' dir='ltr'><strong><em>codice,</em></strong></span> 
     </span>
     <span class='ocr_line' id='line_1_5' title="bbox 286 440 2321 511; baseline 0.001 -18"><span class='ocrx_word' id='word_1_41' title='bbox 286 455 358 493; x_wconf 84' lang='lat' dir='ltr'><strong><em>ex</em></strong></span> <span class='ocrx_word' id='word_1_42' title='bbox 393 456 498 508; x_wconf 76' lang='lat' dir='ltr'><strong><em>quo</em></strong></span> <span class='ocrx_word' id='word_1_43' title='bbox 532 440 589 494; x_wconf 77' lang='lat' dir='ltr'><strong><em>A</em></strong></span> <span class='ocrx_word' id='word_1_44' title='bbox 626 440 930 508; x_wconf 81' lang='lat' dir='ltr'><strong><em>descriptus</em></strong></span> <span class='ocrx_word' id='word_1_45' title='bbox 969 446 1072 507; x_wconf 88' lang='lat' dir='ltr'><strong><em>est,</em></strong></span> <span class='ocrx_word' id='word_1_46' title='bbox 1108 456 1256 495; x_wconf 84' lang='lat' dir='ltr'><strong><em>unus</em></strong></span> <span class='ocrx_word' id='word_1_47' title='bbox 1290 440 1552 507; x_wconf 77' lang='lat' dir='ltr'><strong><em>foliorum</em></strong></span> <span class='ocrx_word' id='word_1_48' title='bbox 1587 443 1873 510; x_wconf 77' lang='lat' dir='ltr'><strong><em>quaternio</em></strong></span> <span class='ocrx_word' id='word_1_49' title='bbox 1909 448 2010 496; x_wconf 90' lang='lat' dir='ltr'><strong><em>aut</em></strong></span> <span class='ocrx_word' id='word_1_50' title='bbox 2044 443 2152 496; x_wconf 83' lang='lat' dir='ltr'><strong><em>duo</em></strong></span> <span class='ocrx_word' id='word_1_51' title='bbox 2189 460 2321 511; x_wconf 76' lang='lat' dir='ltr'><strong><em>qua-</em></strong></span> 
     </span>
     <span class='ocr_line' id='line_1_6' title="bbox 283 510 2323 579; baseline 0.001 -15"><span class='ocrx_word' id='word_1_52' title='bbox 283 512 556 565; x_wconf 80' lang='lat' dir='ltr'><strong><em>ternionis</em></strong></span> <span class='ocrx_word' id='word_1_53' title='bbox 606 510 747 577; x_wconf 81' lang='lat' dir='ltr'><strong><em>folia</em></strong></span> <span class='ocrx_word' id='word_1_54' title='bbox 799 512 1022 565; x_wconf 80' lang='lat' dir='ltr'><strong><em>interna</em></strong></span> <span class='ocrx_word' id='word_1_55' title='bbox 1071 517 1122 566; x_wconf 88' lang='lat' dir='ltr'><strong><em>et</em></strong></span> <span class='ocrx_word' id='word_1_56' title='bbox 1169 514 1315 566; x_wconf 88' lang='lat' dir='ltr'><strong><em>inter</em></strong></span> <span class='ocrx_word' id='word_1_57' title='bbox 1362 529 1418 567; x_wconf 84' lang='lat' dir='ltr'><strong><em>se</em></strong></span> <span class='ocrx_word' id='word_1_58' title='bbox 1468 514 1808 568; x_wconf 73' lang='lat' dir='ltr'><strong><em>cohaerentia</em></strong></span> <span class='ocrx_word' id='word_1_59' title='bbox 1862 514 2203 579; x_wconf 80' lang='lat' dir='ltr'><strong><em>exciderant,</em></strong></span> <span class='ocrx_word' id='word_1_60' title='bbox 2260 515 2323 567; x_wconf 91' lang='lat' dir='ltr'><strong><em>in</em></strong></span> 
     </span>
     <span class='ocr_line' id='line_1_7' title="bbox 283 582 2322 651; baseline 0.002 -16"><span class='ocrx_word' id='word_1_61' title='bbox 283 582 484 649; x_wconf 75' lang='lat' dir='ltr'><strong><em>quibus</em></strong></span> <span class='ocrx_word' id='word_1_62' title='bbox 534 582 664 637; x_wconf 84' lang='lat' dir='ltr'><strong><em>libri</em></strong></span> <span class='ocrx_word' id='word_1_63' title='bbox 717 582 782 636; x_wconf 81' lang='lat' dir='ltr'><strong><em>de</em></strong></span> <span class='ocrx_word' id='word_1_64' title='bbox 835 583 930 637; x_wconf 82' lang='lat' dir='ltr'><strong><em>vit.</em></strong></span> <span class='ocrx_word' id='word_1_65' title='bbox 975 582 1022 637; x_wconf 82' lang='lat' dir='ltr'><strong><em>b.</em></strong></span> <span class='ocrx_word' id='word_1_66' title='bbox 1060 600 1201 651; x_wconf 87' lang='lat' dir='ltr'><strong><em>pars</em></strong></span> <span class='ocrx_word' id='word_1_67' title='bbox 1254 589 1495 638; x_wconf 81' lang='lat' dir='ltr'><strong><em>extrema</em></strong></span> <span class='ocrx_word' id='word_1_68' title='bbox 1546 590 1597 638; x_wconf 86' lang='lat' dir='ltr'><strong><em>et</em></strong></span> <span class='ocrx_word' id='word_1_69' title='bbox 1646 584 1775 638; x_wconf 81' lang='lat' dir='ltr'><strong><em>libri</em></strong></span> <span class='ocrx_word' id='word_1_70' title='bbox 1823 584 1889 637; x_wconf 81' lang='lat' dir='ltr'><strong><em>dc</em></strong></span> <span class='ocrx_word' id='word_1_71' title='bbox 1938 585 2048 639; x_wconf 87' lang='lat' dir='ltr'><strong><em>otio</em></strong></span> <span class='ocrx_word' id='word_1_72' title='bbox 2097 586 2322 639; x_wconf 88' lang='lat' dir='ltr'><strong><em>initium</em></strong></span> 
     </span>
     <span class='ocr_line' id='line_1_8' title="bbox 283 654 2321 723; baseline 0.002 -16"><span class='ocrx_word' id='word_1_73' title='bbox 283 655 494 723; x_wconf 86' lang='lat' dir='ltr'><strong><em>scripta</em></strong></span> <span class='ocrx_word' id='word_1_74' title='bbox 539 658 708 707; x_wconf 86' lang='lat' dir='ltr'><strong><em>erant.</em></strong></span> <span class='ocrx_word' id='word_1_75' title='bbox 782 654 834 708; x_wconf 78' lang='lat' dir='ltr'><strong><em>si</em></strong></span> <span class='ocrx_word' id='word_1_76' title='bbox 876 669 1002 709; x_wconf 85' lang='lat' dir='ltr'><strong><em>vero</em></strong></span> <span class='ocrx_word' id='word_1_77' title='bbox 1038 654 1270 722; x_wconf 78' lang='lat' dir='ltr'><strong><em>Lipsius</em></strong></span> <span class='ocrx_word' id='word_1_78' title='bbox 1313 662 1453 709; x_wconf 86' lang='lat' dir='ltr'><strong><em>recte</em></strong></span> <span class='ocrx_word' id='word_1_79' title='bbox 1497 656 1768 711; x_wconf 83' lang='lat' dir='ltr'><strong><em>iudicavit</em></strong></span> <span class='ocrx_word' id='word_1_80' title='bbox 1801 673 1870 709; x_wconf 86' lang='lat' dir='ltr'><strong><em>ne</em></strong></span> <span class='ocrx_word' id='word_1_81' title='bbox 1905 656 2069 709; x_wconf 81' lang='lat' dir='ltr'><strong><em>huius</em></strong></span> <span class='ocrx_word' id='word_1_82' title='bbox 2106 656 2321 723; x_wconf 73' lang='lat' dir='ltr'><strong><em>quidem</em></strong></span> 
     </span>
     <span class='ocr_line' id='line_1_9' title="bbox 285 724 2322 795; baseline 0.001 -17"><span class='ocrx_word' id='word_1_83' title='bbox 285 726 498 795; x_wconf 79' lang='lat' dir='ltr'><strong><em>dialoyi</em></strong></span> <span class='ocrx_word' id='word_1_84' title='bbox 541 724 606 778; x_wconf 82' lang='lat' dir='ltr'><strong><em>de</em></strong></span> <span class='ocrx_word' id='word_1_85' title='bbox 651 726 759 778; x_wconf 90' lang='lat' dir='ltr'><strong><em>otio</em></strong></span> <span class='ocrx_word' id='word_1_86' title='bbox 775 726 1000 791; x_wconf 72' lang='lat' dir='ltr'><strong><em>.exitum</em></strong></span> <span class='ocrx_word' id='word_1_87' title='bbox 1036 731 1306 779; x_wconf 84' lang='lat' dir='ltr'><strong><em>servatum</em></strong></span> <span class='ocrx_word' id='word_1_88' title='bbox 1344 742 1481 792; x_wconf 87' lang='lat' dir='ltr'><strong><em>esse,</em></strong></span> <span class='ocrx_word' id='word_1_89' title='bbox 1518 728 1641 793; x_wconf 74' lang='lat' dir='ltr'><strong><em>fieri</em></strong></span> <span class='ocrx_word' id='word_1_90' title='bbox 1676 743 1788 781; x_wconf 91' lang='lat' dir='ltr'><strong><em>non</em></strong></span> <span class='ocrx_word' id='word_1_91' title='bbox 1814 734 1993 795; x_wconf 82' lang='lat' dir='ltr'><strong><em>potest</em></strong></span> <span class='ocrx_word' id='word_1_92' title='bbox 2028 729 2163 795; x_wconf 77' lang='lat' dir='ltr'><strong><em>quin</em></strong></span> <span class='ocrx_word' id='word_1_93' title='bbox 2199 744 2322 781; x_wconf 87' lang='lat' dir='ltr'><strong><em>cum</em></strong></span> 
     </span>
     <span class='ocr_line' id='line_1_10' title="bbox 291 796 2328 868; baseline 0.001 -19"><span class='ocrx_word' id='word_1_94' title='bbox 291 796 509 851; x_wconf 81' lang='lat' dir='ltr'><strong><em>Gertzio</em></strong></span> <span class='ocrx_word' id='word_1_95' title='bbox 545 796 779 850; x_wconf 85' lang='lat' dir='ltr'><strong><em>alterum</em></strong></span> <span class='ocrx_word' id='word_1_96' title='bbox 814 796 1011 863; x_wconf 78' lang='lat' dir='ltr'><strong><em>folium</em></strong></span> <span class='ocrx_word' id='word_1_97' title='bbox 1047 797 1178 851; x_wconf 85' lang='lat' dir='ltr'><strong><em>libri</em></strong></span> <span class='ocrx_word' id='word_1_98' title='bbox 1216 797 1347 851; x_wconf 89' lang='lat' dir='ltr'><em>VII.</em></span> <span class='ocrx_word' id='word_1_99' title='bbox 1405 804 1700 853; x_wconf 76' lang='lat' dir='ltr'><strong><em>extremam</em></strong></span> <span class='ocrx_word' id='word_1_100' title='bbox 1728 801 2072 868; x_wconf 76' lang='lat' dir='ltr'><strong><em>primamque</em></strong></span> <span class='ocrx_word' id='word_1_101' title='bbox 2110 798 2143 851; x_wconf 86' lang='lat' dir='ltr'><strong><em>l.</em></strong></span> <span class='ocrx_word' id='word_1_102' title='bbox 2174 799 2328 852; x_wconf 87' lang='lat' dir='ltr'><strong><em>VIII</em></strong></span> 
     </span>
     <span class='ocr_line' id='line_1_11' title="bbox 273 868 2320 937; baseline 0.002 -17"><span class='ocrx_word' id='word_1_103' title='bbox 273 873 496 936; x_wconf 80' lang='lat' dir='ltr'><strong><em>partem</em></strong></span> <span class='ocrx_word' id='word_1_104' title='bbox 539 868 871 923; x_wconf 75' lang='lat' dir='ltr'><strong><em>continuisse</em></strong></span> <span class='ocrx_word' id='word_1_105' title='bbox 907 874 1187 937; x_wconf 84' lang='lat' dir='ltr'><strong><em>putemus,</em></strong></span> <span class='ocrx_word' id='word_1_106' title='bbox 1223 870 1457 923; x_wconf 79' lang='lat' dir='ltr'><strong><em>alterum</em></strong></span> <span class='ocrx_word' id='word_1_107' title='bbox 1492 886 1615 924; x_wconf 83' lang='lat' dir='ltr'><strong><em>vero</em></strong></span> <span class='ocrx_word' id='word_1_108' title='bbox 1652 886 1773 925; x_wconf 87' lang='lat' dir='ltr'><strong><em>cum</em></strong></span> <span class='ocrx_word' id='word_1_109' title='bbox 1810 887 1869 924; x_wconf 91' lang='lat' dir='ltr'><strong><em>co</em></strong></span> <span class='ocrx_word' id='word_1_110' title='bbox 1906 870 2195 925; x_wconf 80' lang='lat' dir='ltr'><strong><em>cohaerens</em></strong></span> <span class='ocrx_word' id='word_1_111' title='bbox 2229 886 2320 924; x_wconf 84' lang='lat' dir='ltr'><strong><em>ex-</em></strong></span> 
     </span>
     <span class='ocr_line' id='line_1_12' title="bbox 284 939 2320 1008; baseline 0.001 -16"><span class='ocrx_word' id='word_1_112' title='bbox 284 945 510 993; x_wconf 86' lang='lat' dir='ltr'><strong><em>tremam</em></strong></span> <span class='ocrx_word' id='word_1_113' title='bbox 560 939 690 993; x_wconf 74' lang='lat' dir='ltr'><strong><em>libri</em></strong></span> <span class='ocrx_word' id='word_1_114' title='bbox 738 940 893 993; x_wconf 88' lang='lat' dir='ltr'><em>VIII</em></span> <span class='ocrx_word' id='word_1_115' title='bbox 925 946 1158 1008; x_wconf 88' lang='lat' dir='ltr'><strong><em>partem.</em></strong></span> <span class='ocrx_word' id='word_1_116' title='bbox 1232 946 1463 995; x_wconf 87' lang='lat' dir='ltr'><strong><em>ceterum</em></strong></span> <span class='ocrx_word' id='word_1_117' title='bbox 1508 957 1620 995; x_wconf 89' lang='lat' dir='ltr'><strong><em>non</em></strong></span> <span class='ocrx_word' id='word_1_118' title='bbox 1665 944 1749 996; x_wconf 90' lang='lat' dir='ltr'><strong><em>ita</em></strong></span> <span class='ocrx_word' id='word_1_119' title='bbox 1794 942 1969 996; x_wconf 80' lang='lat' dir='ltr'><strong><em>multa</em></strong></span> <span class='ocrx_word' id='word_1_120' title='bbox 2008 959 2045 995; x_wconf 85' lang='lat' dir='ltr'><strong><em>a</em></strong></span> <span class='ocrx_word' id='word_1_121' title='bbox 2080 941 2213 995; x_wconf 83' lang='lat' dir='ltr'><strong><em>dial.</em></strong></span> <span class='ocrx_word' id='word_1_122' title='bbox 2254 941 2320 995; x_wconf 76' lang='lat' dir='ltr'><strong><em>cle</em></strong></span> 
     </span>
     <span class='ocr_line' id='line_1_13' title="bbox 283 1010 2319 1083; baseline 0.001 -18"><span class='ocrx_word' id='word_1_123' title='bbox 283 1011 393 1065; x_wconf 88' lang='lat' dir='ltr'><strong><em>otio</em></strong></span> <span class='ocrx_word' id='word_1_124' title='bbox 449 1011 630 1065; x_wconf 82' lang='lat' dir='ltr'><strong><em>abesse</em></strong></span> <span class='ocrx_word' id='word_1_125' title='bbox 685 1010 914 1079; x_wconf 84' lang='lat' dir='ltr'><strong><em>Lipsius</em></strong></span> <span class='ocrx_word' id='word_1_126' title='bbox 967 1012 1050 1065; x_wconf 77' lang='lat' dir='ltr'><strong><em>vel</em></strong></span> <span class='ocrx_word' id='word_1_127' title='bbox 1097 1012 1230 1065; x_wconf 86' lang='lat' dir='ltr'><strong><em>inde</em></strong></span> <span class='ocrx_word' id='word_1_128' title='bbox 1280 1012 1513 1082; x_wconf 74' lang='lat' dir='ltr'><strong><em>colleyit,</em></strong></span> <span class='ocrx_word' id='word_1_129' title='bbox 1569 1014 1715 1082; x_wconf 78' lang='lat' dir='ltr'><strong><em>quod</em></strong></span> <span class='ocrx_word' id='word_1_130' title='bbox 1764 1015 2072 1083; x_wconf 74' lang='lat' dir='ltr'><strong><em>aryumenti</em></strong></span> <span class='ocrx_word' id='word_1_131' title='bbox 2122 1014 2319 1068; x_wconf 86' lang='lat' dir='ltr'><strong><em>divisio</em></strong></span> 
     </span>
     <span class='ocr_line' id='line_1_14' title="bbox 282 1082 857 1151; baseline 0.002 -16"><span class='ocrx_word' id='word_1_132' title='bbox 282 1082 500 1151; x_wconf 75' lang='lat' dir='ltr'><strong><em>inteyra</em></strong></span> <span class='ocrx_word' id='word_1_133' title='bbox 535 1083 728 1137; x_wconf 87' lang='lat' dir='ltr'><strong><em>relicta</em></strong></span> <span class='ocrx_word' id='word_1_134' title='bbox 766 1088 857 1136; x_wconf 87' lang='lat' dir='ltr'><strong><em>est.</em></strong></span> 
     </span>
    </p>
   </div>
  </div>
 </body>
</html>
