2544 3746
279 89 408 175 236
645 88 705 143 L.
736 86 1024 142 ANNAEI
1061 86 1393 143 SENECAE
1430 86 1621 143 DIAL.
1652 87 1791 144 LIB:
1816 86 1962 143 VIII.

277 254 442 318 opus
489 254 678 298 suum
725 237 973 318 spectet
1008 256 1092 298 an
1127 236 1389 316 tractet}
1432 237 1736 299 utrumne
1781 234 2177 300 extrinsecus
2223 235 2325 299 illi

277 321 703 388 circumfusus
750 322 837 388 sit
881 345 965 403 an
1003 324 1130 388 toti
1165 323 1439 408 inditus3
1485 322 1868 388 immortalis
1915 323 2001 388 sit
2043 324 2324 389 mundus

277 433 362 477 an
405 412 575 477 inter
620 412 862 478 caduca
906 416 972 478 et
1016 412 1098 477 ad
1142 415 1399 497 tempus
1445 416 1599 477 nata
1641 413 2091 478 numerandus.
2163 413 2327 479 haec

279 500 393 584 qui
446 502 948 585 contemplatur,
1007 501 1164 586 quid
1222 501 1343 566 deo
1404 502 1732 586 praestat?
1820 524 1903 567 ne
1957 506 2141 567 tanta
2186 502 2324 568 eius

279 611 474 674 opera
517 589 657 657 sine
702 594 866 655 teste
913 590 1017 656 sit.

456 696 536 762 V.
611 695 908 763 Solemus
942 697 1151 763 dicere
1181 719 1507 762 summum
1532 697 1776 762 bonum
1804 718 1943 763 esse
1972 696 2325 763 secundum

276 789 574 851 naturam
633 786 874 851 vivere:
935 788 1171 851 natura
1225 808 1346 852 nos
1407 786 1487 851 ad
1546 790 1891 871 utrumque
1950 787 2203 874 genuit,
2263 790 2328 851 et

278 875 810 960 contemplationi
852 897 1069 941 rerum
1115 879 1181 941 et
1225 875 1501 955 actioni.¹
1557 874 1722 961 [32]
1784 897 1959 961 nunc
1995 877 2061 941 id
2096 876 2326 961 probe-

279 986 451 1047 mus,
507 965 680 1050 quod
733 965 913 1049 prius
963 964 1261 1032 diximus,
1356 965 1510 1049 quid
1556 964 1797 1050 porro?
1852 965 1979 1032 hoc
2022 987 2158 1031 non
2202 966 2328 1031 erit

276 1053 654 1138 probatum,
688 1055 746 1118 si
782 1075 849 1119 se
879 1055 1324 1139 unusquisque
1353 1054 1778 1140 consuluerit,
1814 1058 2120 1140 quantam
2148 1056 2327 1140 cupi-

279 1142 493 1207 dinem
537 1141 773 1208 habeat
814 1144 1043 1229 ignota
1085 1141 1419 1228 noscendi,
1466 1165 1663 1228 quam
1707 1144 1789 1209 ad
1827 1143 2036 1209 omnis
2072 1144 2326 1210 fabulas

279 1229 637 1297 excitetur?
713 1234 1027 1318 navigant
1072 1233 1335 1317 quidam
1382 1235 1447 1298 et
1490 1234 1742 1299 labores
1788 1231 2325 1320 peregrinationis

277 1320 696 1407 longissimae
739 1343 870 1387 una
914 1322 1204 1387 mercede
1248 1322 1703 1407 perpetiamur
1746 1322 2177 1410 cognoscendi
2215 1323 2327 1387 ali·

279 1410 436 1493 quid
500 1410 792 1475 abditum
856 1413 1326 1495 remotumque.
1427 1410 1587 1477 haee·
1648 1432 1751 1476 res
1815 1412 1898 1476 ad
1958 1412 2329 1496 spectacula

279 1500 556 1584 populos
612 1499 965 1583 contrahit,
1016 1499 1177 1565 haec
1223 1498 1403 1587 cogit
1446 1501 1781 1584 praeclusa
1824 1500 2073 1583 rimari,
2125 1521 2327 1566 seere-

277 1586 446 1652 tiora
473 1587 835 1672 exquirere,
870 1588 1288 1673 antiquitates
1317 1589 1637 1673 evolvere,
1673 1610 1884 1655 mores
1911 1590 2327 1655 barbararum

279 1676 499 1741 audire
546 1676 865 1764 gentium:
910 1678 1236 1744 curiosum
1282 1675 1471 1743 nobis
1515 1681 1747 1743 natura
1781 1677 2114 1764 ingenium
2152 1678 2329 1743 dedit

279 1768 345 1830 et
390 1766 544 1831 artis
591 1766 717 1831 sibi
761 1788 837 1832 ac
879 1766 1383 1855 pulchritudinis
1430 1788 1582 1832 suae
1628 1768 1885 1834 conscia
1930 1767 2326 1852 spectatores

278 1877 399 1920 nos
444 1856 643 1921 tantis
687 1878 904 1921 rerum
951 1856 1335 1941 spectaculis
1376 1856 1629 1944 genuit,
1674 1855 2005 1942 perditura
2038 1856 2325 1924 fructum

280 1945 409 2028 sui,
469 1946 523 2010 si
581 1949 716 2010 tam
776 1967 1041 2033 magna,
1097 1949 1234 2036 tam
1291 1947 1490 2029 clara,
1544 1949 1682 2011 tam
1735 1947 2060 2012 subtiliter
2113 1946 2327 2031 ducta,

279 2037 417 2099 tam
477 2035 686 2100 nitida
741 2037 807 2100 et
857 2057 994 2101 non
1047 2057 1179 2101 uno
1235 2056 1469 2120 genere
1513 2033 1800 2101 formosa
1844 2035 2182 2102 solitudini
2228 2057 2325 2101 os-

280 2123 586 2190 tenderet.
659 2127 737 2190 ut
780 2123 944 2190 scias
990 2124 1172 2190 illam
1219 2124 1495 2209 spectari
1540 2125 1851 2208 voluisse,
1892 2147 2027 2191 non
2071 2129 2328 2191 tantum

281 2211 508 2297 aspici,
563 2212 710 2278 vide
766 2234 958 2298 quem
1012 2214 1201 2280 nobis
1245 2215 1465 2280 locum
1511 2213 1783 2280 dederit:
1835 2214 1906 2280 in
1949 2214 2163 2280 media
2206 2236 2326 2280 nos

281 2302 383 2367 sui
439 2305 625 2387 parte
689 2303 1028 2368 constituit
1081 2307 1146 2368 et
1201 2303 1738 2387 circumspectum
1794 2304 2084 2369 omnium
2137 2304 2327 2369 nobis

282 2390 484 2475 dedit3
555 2413 676 2458 nec
747 2391 950 2457 erexit
1009 2392 1461 2457 tantummodo
1525 2391 1886 2477 hominem,
1955 2392 2066 2458 sed
2132 2393 2327 2458 etiam

279 2479 562 2545 habilem
618 2480 1151 2565 contemplationi
1208 2481 1488 2564 factura,
1544 2484 1621 2546 ut
1674 2482 1754 2547 ab
1810 2485 1960 2547 ortu
2005 2482 2215 2547 sidera
2260 2482 2329 2546 in

283 2589 583 2635 occasum
653 2566 938 2635 labentia
1006 2569 1313 2654 prosequi
1384 2574 1604 2655 posset
1676 2575 1741 2635 et
1810 2571 2064 2637 voltum
2136 2592 2327 2636 suum

282 2657 694 2724 circumferre
740 2679 888 2723 cum
932 2661 1104 2742 toto,
1149 2659 1425 2725 sublime
1469 2659 1627 2725 fecit
1670 2659 1769 2724 illi
1813 2663 2011 2745 caput
2054 2663 2121 2726 et
2158 2661 2327 2726 collo

282 2746 483 2812 flexili
527 2746 866 2832 imposuit3
911 2747 1139 2813 deinde
1185 2769 1341 2813 sena
1384 2769 1501 2832 per
1545 2747 1743 2833 diem,
1797 2770 1951 2814 sena
2006 2772 2124 2834 per
2177 2769 2329 2815 noc-

462 2956 498 3010 5
534 2960 646 3028 osia
672 2959 731 3013 A
771 2957 779 3029 Ι
820 2958 898 3012 sit
925 2958 981 3013 A
1004 3002 1016 3012 .
1056 2959 1289 3025 rectius,
1315 2965 1381 3014 ut
1405 2959 1539 3027 vid„
1575 2959 1691 3014 sint
1725 2961 1863 3030 0019.
1902 2963 1919 3029 {i
1956 2958 1993 3014 8
2027 2958 2090 3014 id
2124 2958 2327 3029 probe-

280 3045 408 3082 mus
463 3028 626 3084 θοήν
673 3026 1003 3098 ‘iprobemus
1039 3031 1096 3084 A
1145 3029 1263 3084 iam
1308 3047 1391 3098 pr.
1430 3031 1656 3086 Fickert
1706 3032 1952 3100 primum
2003 3048 2043 3100 p
2076 3075 2087 3084 .
2130 3031 2329 3086 Haase

283 3099 406 3166 (cfr.
454 3101 608 3168 epist.
650 3115 712 3168 p.
757 3102 880 3166 505,
905 3103 980 3156 24
1030 3100 1183 3170 adn.)
1239 3118 1319 3155 an
1372 3101 1603 3170 conpr?
1654 3101 1677 3176 Η
1733 3101 1769 3156 9
1851 3102 1951 3156 uoi
1998 3117 2168 3172 porro
2218 3100 2327 3156 hoc

285 3170 524 3238 Madviy
565 3169 588 3243 ΙΙ
631 3169 702 3225 15
738 3169 988 3241 ῇοΙιιεατὶ
1023 3187 1181 3226 mare
1217 3172 1274 3227 A
1316 3189 1453 3228 corr.
1490 3174 1628 3243 volq.
1674 3171 1697 3246 ΙΙ
1738 3172 1811 3227 16
1886 3171 2217 3228 arbai-orum
2242 3171 2327 3227 A²

284 3255 420 3294 corr.
467 3239 553 3294 A⁶
602 3239 626 3324 Ι]
676 3239 748 3296 18
803 3242 1025 3314 conscie
1059 3244 1123 3298 'A
1178 3243 1200 3316 ΙΙ
1255 3242 1329 3297 26
1383 3242 1635 3299 habilem
1688 3243 2226 3314 contemplationem
2270 3242 2326 3297 A

285 3326 424 3365 corr.
451 3311 685 3378 Lipsms
718 3310 971 3366 habilem
1009 3313 1085 3367 ad
1123 3329 1168 3368 e.
1200 3315 1360 3369 Koch
1394 3314 1415 3387 ΙΙ
1450 3314 1522 3370 28
1550 3332 1677 3370 eum
1713 3317 1866 3369 totos
1894 3315 1950 3370 A
1984 3316 2131 3370 unde
2164 3314 2325 3370 Gertz

237 3443 240 3445 Α
286 3395 414 3434 eum
449 3381 599 3447 toto,
637 3397 699 3436 os
733 3398 835 3438 ser.
865 3382 1100 3441 Senecae
1134 3385 1477 3441 obversatwm
1512 3403 1623 3442 esse
1658 3387 1962 3442 arbitratus
2001 3386 2158 3443 Ovid.
2186 3385 2309 3440 Met

287 3451 328 3504 I
356 3454 516 3519 8584.
561 3451 570 3521 Ι
609 3453 799 3521 capud
827 3451 874 3506 ἃ
901 3453 985 3509 A¹
1012 3470 1149 3510 corr.
1179 3456 1264 3511 A⁶
1301 3458 1360 3510 et
1396 3459 1571 3527 caput
1601 3458 1765 3513 Gertz

2365 1076 2416 1116 10

2364 1520 2413 1561 15
