2544 3746
0 1279 42 1569 Ξξὶξὶξξέξί
0 1200 38 1245 J.

0 1682 43 1844 ssiu!
0 1602 41 1619 ξ

0 1854 44 2091 mmm

0 2174 43 2252 H!

0 2325 45 2798 mmm-sexu!

0 2861 46 3002 lu·-

255 217 282 264 1

251 573 284 622 2

252 1019 284 1068 3

255 1556 283 1604 1

252 2002 286 2051 2

255 2537 287 2586 3

327 52 454 117 148
732 48 791 102 L.
821 45 1108 102 ANNAEI
1143 44 1477 102 SENECAE
1512 46 1705 101 DIAL.
1734 46 1869 102 LIB.
1898 46 1967 100 V.

502 192 668 260 XLI.
755 193 987 259 Pacem
1057 192 1282 258 demus
1356 192 1599 275 animo,
1675 214 1871 277 quam
1944 193 2123 259 dabit
2194 216 2373 278 prae·

323 288 658 370 ceptorum
704 284 1082 351 salutarium
1128 281 1397 348 adsidua
1439 283 1773 349 meditatio
1810 286 2121 368 actusque
2156 305 2374 349 rerum
2507 324 2512 395 1

322 375 479 440 110111
542 378 607 439 et
669 374 917 439 intenta
978 394 1159 440 mens
1223 372 1307 438 ad
1368 372 1560 437 unius
1619 372 1877 457 honesti
1934 373 2373 457 cupiditatem.
2510 399 2514 459 ῃ

324 464 750 530 conscientiae
815 464 972 529 satis
1035 462 1177 547 fiat,
1238 462 1337 527 nil
1392 462 1463 527 in
1518 462 1759 527 famam
1816 462 2212 529 laboremus:
2280 486 2375 529 se·
2512 464 2516 523 1

324 558 560 639 quatur
603 554 708 618 vel
753 554 952 635 mala,
998 551 1151 617 dum
1193 552 1357 617 bene
1402 551 1725 617 merentis.
1818 551 1917 618 ‘at
1958 552 2194 638 volgus
2242 553 2376 617 ani-
2436 569 2457 611 5
2516 535 2518 577 ¹

322 666 504 709 mosa
560 644 832 708 miratur
891 646 958 708 et
1009 642 1279 707 audaces
1327 641 1397 706 in
1439 640 1688 707 honore
1733 646 1911 726 sunt,
1963 641 2206 726 placidi
2252 664 2376 726 pro
2518 605 2522 711 1

321 733 636 797 inertibus
679 730 1042 797 habentur?
1113 732 1328 815 primo
1373 731 1648 795 forsitan
1692 734 1984 815 aspectu3
2030 731 2142 797 sed
2178 730 2378 796 simul

323 822 676 907 aequalitas
722 823 894 887 vitae
938 819 1135 885 fidem
1179 821 1337 886 fecit
1376 840 1513 885 non
1559 820 1899 906 segnitiem
1944 821 2126 885 illam
2172 821 2375 886 animi

324 933 460 978 esse
507 911 618 977 sed
663 932 914 996 pacem,
959 914 1302 977 veneratur
1344 910 1495 975 illos
1542 911 1824 994 populus
1862 909 2033 975 idem
2069 910 2371 996 colitque.
2528 947 2530 955 ·

320 1002 487 1067 nihil
547 1023 701 1087 ergo
755 1001 951 1067 habet
1003 1000 1074 1064 in
1119 1022 1186 1065 se
1230 999 1392 1066 utile
1436 1003 1641 1065 taeter
1684 1000 1806 1065 iste
1851 1002 1919 1065 et
1962 999 2221 1065 hostilis
2267 999 2374 1065 ad-
2414 1018 2463 1059 ιο
2530 1015 2532 1023 ·

321 1091 556 1173 fectus,
616 1094 683 1155 at
743 1090 962 1156 omnia
1018 1111 1098 1155 ex
1157 1089 1483 1156 contrario
1530 1088 1728 1173 mala,
1771 1089 2016 1155 ferrum
2059 1093 2126 1155 et
2170 1088 2371 1176 ignes.

321 1180 569 1265 pudore
642 1180 888 1245 calcato
963 1180 1263 1245 caedibus
1331 1178 1699 1263 inquinavit
1758 1200 2014 1264 manus,
2087 1178 2375 1244 membra

320 1270 674 1335 liberorum
737 1269 1065 1353 dispersit,
1127 1268 1298 1352 mhil
1359 1290 1636 1334 vacuum
1694 1267 1961 1352 reliquit
2018 1290 2058 1332 a
2117 1268 2373 1351 scelere,

321 1381 456 1513 gil}
500 1358 744 1445 gloriae
789 1380 1065 1441 memor,
1046 1380 1242 1511 'mdll
1287 1357 1603 1513 infarlnigfi
1635 1360 1956 1511 metuens,
2008 1356 2372 1423 inemenda-

443 1447 1671 1532 s,cumexirainoumocm
2415 1465 2470 1507 1⁵

502 1534 700 1601 XLII.
775 1534 1117 1603 Careamus
1172 1537 1299 1601 hoc
1351 1536 1525 1602 malo
1569 1558 2047 1623 purgemusque
2090 1540 2373 1602 mentem

324 1630 389 1691 et
425 1626 816 1710 extirpemus
855 1626 1193 1705 radicitus,
1239 1647 1403 1710 quae
1441 1627 1737 1711 quamvis
1753 1656 1757 1659 ·
1773 1627 1994 1693 tenuia
2028 1626 2373 1692 undecum-

324 1739 448 1800 que
511 1716 836 1781 haeserint
895 1718 1336 1799 renascentur,
1400 1718 1467 1781 et
1520 1716 1682 1780 iram
1735 1737 1871 1780 non
1922 1718 2372 1800 temperemus,

325 1805 435 1870 sed
507 1828 587 1871 ex
648 1808 790 1872 toto
854 1824 1297 1870 removeamus
1369 1840 1461 1851 —-
1533 1803 1709 1889 quod
1772 1805 1944 1869 enim
2007 1804 2216 1869 malae
2276 1806 2373 1869 rei

323 1899 901 1980 temperamentum
947 1895 1086 1962 est?
1130 1932 1238 1958 -—.
1317 1895 1671 1979 poterimus
1718 1899 1965 1978 autem,
2008 1894 2374 1959 adnitamur
2412 1914 2475 1956 20

323 1985 536 2050 modo.
635 2006 756 2050 nec
816 1985 953 2049 11116
1012 2006 1114 2049 res
1179 1984 1387 2070 magis
1450 1984 1740 2069 proderit
1802 2005 1997 2069 quam
2061 1984 2373 2070 cogitatio

324 2073 754 2138 mortalitatis.
865 2073 988 2139 sibi
1052 2072 1328 2157 quisque
1392 2076 1584 2158 atque
1648 2073 1835 2139 alteri
1899 2073 2098 2139 dicat:
2180 2070 2201 2101 ‘
2214 2073 2374 2156 quid

324 2163 505 2228 iuvat
561 2166 894 2248 tamquam
951 2162 1022 2226 in
1079 2167 1409 2229 aeternum
1468 2163 1721 2250 genitos
1780 2163 1909 2228 iras
1968 2162 2249 2228 indicere
2308 2166 2376 2227 et

322 2252 767 2318 brevissimam
814 2255 1089 2318 aetatem
1133 2250 1510 2338 dissupare‘?
1588 2251 1746 2337 quid
1781 2251 1963 2317 iuvat
1998 2250 2160 2336 dies,
2208 2272 2373 2337 quos

323 2342 394 2407 in
455 2343 856 2426 voluptatem
914 2341 1254 2407 honestam
1311 2341 1658 2427 inpendere
1714 2342 1894 2426 licet,
1954 2342 2023 2406 in
2082 2342 2375 2435 dolorem
2412 2360 2473 2402 66

324 2431 596 2497 alicuius
659 2433 1182 2515 tormentumque
1245 2430 1633 2496 transferre?
1744 2453 1880 2497 non
1942 2431 2209 2516 capiunt
2269 2428 2373 2497 res

325 2521 484 2585 istae
530 2521 842 2586 iacturam
887 2541 1009 2586 nec
1053 2523 1309 2605 tempus
1353 2524 1542 2586 vacat
1575 2519 1857 2604 perdere.
1932 2521 2090 2605 quid
2124 2521 2373 2586 ruimus

325 2611 395 2675 in
448 2608 779 2695 pugnam?
869 2609 1027 2694 quid
1072 2609 1423 2676 certamina
1465 2609 1653 2675 nobis
1701 2609 2124 2676 arcessimus?
2216 2608 2376 2694 quid

325 2697 766 2765 inbecillitatis
814 2699 1001 2770 obliti
1045 2699 1335 2784 ingentia
1377 2697 1525 2764 odia
1560 2699 1947 2784 suscipimus
1984 2702 2050 2764 et
2085 2699 2168 2763 ad
2202 2697 2375 2764 fran-

326 2788 608 2874 gendum
665 2788 930 2874 fragiles
991 2787 1485 2875 consurgimus?
1581 2790 1711 2854 iam
1768 2788 1925 2854 istas
1980 2787 2375 2872 inimicitias,
2412 2806 2473 2847 so

327 2900 488 2961 quas
552 2877 927 2962 inplacabih
995 2879 1277 2963 gerimus
1352 2878 1596 2963 animo,
1668 2877 1865 2944 febris
1930 2885 2043 2943 aut
2108 2839 2376 2962 aliquod

327 2965 503 3032 aliud
549 2968 792 3032 malum
838 2967 1126 3052 corporis
1167 2967 1415 3033 vetabit
1458 2968 1623 3054 gem
1669 2967 1797 3032 iam
1834 2989 1952 3052 par
1990 2967 2373 3032 acerrimum

506 3141 538 3195 1
577 3143 1009 3212 praeceptorum
1035 3144 1089 3197 L
1116 3149 1182 3198 ut
1205 3144 1343 3213 voly.
1372 3143 1798 3213 praeceptorem
1826 3143 1883 3198 A
1916 3141 1940 3214 ΙΙ
1973 3141 2010 3197 4
2036 3142 2181 3197 nil*
2155 3163 2180 3200 1
2216 3141 2379 3197 fama

327 3214 383 3268 A
435 3215 487 3283 (i
521 3214 586 3267 in
618 3231 728 3269 ras.
766 3214 896 3280 fort.
926 3231 995 3268 m.
1025 3217 1081 3282 1)
1142 3214 1150 3286 1
1209 3217 1481 3283 sequatur
1523 3215 1581 3270 L
1624 3219 1675 3270 et
1716 3215 1856 3286 vola.
1904 3215 2217 3283 sequantur
2252 3214 2309 3269 A
2370 3214 2379 3286 Ι

327 3284 400 3338 10
425 3283 649 3338 hostilis
668 3285 725 3340 A
747 3284 1018 3353 pestilens
1037 3285 1198 3343 Koch
1222 3285 1511 3341 horribilis
1534 3285 1714 3355 Gertz,
1741 3287 1837 3342 sed
1862 3286 1933 3353 ef.
1952 3286 2101 3342 clem
2122 3287 2268 3353 113,
2280 3289 2319 3340 4
2371 3291 2379 3350 Ι

328 3353 396 3408 11
427 3361 558 3423 post
581 3353 791 3410 ferrum
819 3357 920 3410 et
903 3373 1064 3426 ignes
1097 3358 1360 3413 excidisse
1378 3364 1549 3429 putat
1575 3326 1740 3414 Goet’z
1766 3357 2037 3414 tractavit
2067 3364 2171 3414 aut
2195 3357 2379 3413 simile

329 3426 556 3494 aliquod
589 3427 809 3482 verbum
842 3426 865 3499 ΙΙ
895 3426 971 3483 24
1007 3427 1301 3498 dissupat-e
1323 3431 1381 3484 A

2156 3676 2159 3679 .
2178 3663 2544 3679 --—-————
