2544 3746
799 79 900 135 DE
935 79 1066 135 IRA
1101 79 1236 134 Lm.
1265 78 1307 134 1.
1375 76 1528 135 cAP.
1560 83 1610 134 ε.
1638 85 1689 134 ι.
1721 84 1755 133 ⁵
2202 80 2286 147 51

244 228 489 310 soluta,
533 226 626 292 ita
669 227 884 311 ipsum
928 226 1287 311 principale
1332 247 1559 309 parum
1606 225 1869 310 suptile,
1915 247 2143 309 parum
2189 247 2292 289 ex·

249 320 482 382 actum.
573 317 749 400 capit
807 336 961 402 ergo
1006 315 1183 380 visus
1239 315 1611 400 speciesque
1664 335 1878 379 rerum
1934 315 2167 398 quibus
2212 314 2293 378 ad

248 408 527 490 impetus
574 408 900 488 evocetur,
946 404 1059 471 sed
1101 403 1391 469 turbidas
1438 407 1504 468 et
1538 403 1855 470 confusas.
1920 425 1998 468 ex
2034 424 2111 469 eo
2148 425 2292 488 pro·
2330 421 2364 471 8

249 515 474 561 cursus
537 493 801 560 illorum
861 494 1309 578 tumultusque
1365 493 1771 560 uehementes
1836 497 2012 577 sunt,
2085 497 2293 558 metus

190 604 214 644 ⁵
249 587 465 649 autem
510 582 1103 667 sollicitudinesque
1148 586 1215 647 et
1255 583 1525 648 tristitia
1569 586 1635 647 et
1669 582 1766 647 ira
1799 603 1935 647 non
1970 586 2146 666 sunt,
2184 582 2294 648 sed

249 673 351 739 his
399 673 712 758 quaedam
768 672 1030 738 similia:
1090 670 1234 736 ideo
1282 672 1412 737 cito
1459 672 1698 736 cadunt
1742 675 1806 737 et
1850 675 2181 737 mutantur
2226 671 2296 736 in

249 763 645 841 contrarium
681 765 772 846 et,
809 782 958 828 cum
994 761 1300 826 acerrime
1346 761 1709 826 saevierunt
1757 764 2295 845 expaveruntque,

250 854 604 936 pascuntur
631 854 696 916 et
723 872 803 916 ex
837 851 1099 916 fremitu
1135 850 1556 934 discursuque
1584 871 1820 915 vesano
1856 851 2074 916 statim
2113 851 2294 934 quies

251 961 574 1026 soporque
619 940 925 1025 sequitur.

167 1068 217 1109 ιο
428 1045 541 1113 IV.
589 1045 758 1124 Quid
803 1050 971 1113 esset
1009 1046 1106 1110 ira
1143 1046 1299 1111 satis
1336 1046 1711 1131 explicitum
1758 1049 1869 1111 est.
1937 1067 2065 1129 quo
2105 1045 2297 1111 distet
2335 1062 2363 1113 1

251 1136 331 1202 ab
379 1136 712 1202 iracundia
757 1139 1051 1220 apparet:
1097 1155 1228 1220 quo
1276 1135 1489 1200 ebrius
1536 1135 1617 1200 ab
1654 1135 1905 1200 ebrioso
1954 1139 2018 1199 et
2063 1136 2296 1201 timens

251 1249 291 1290 a
333 1225 581 1290 timido.
673 1224 874 1291 iratus
920 1228 1136 1309 potest
1177 1245 1316 1289 non
1359 1245 1496 1288 esse
1538 1223 1907 1289 iracundus:
1954 1223 2297 1290 iracundus

251 1318 469 1399 potest
513 1314 858 1399 aliquando
895 1315 1097 1379 iratus
1133 1335 1269 1378 11011
1304 1310 1457 1378 esse.
1524 1317 1757 1396 cetera,
1805 1333 1968 1398 quae
2004 1313 2297 1398 pluribus
2333 1331 2367 1380 2

251 1407 412 1489 aput
457 1400 733 1470 Graecos
795 1403 1165 1468 nominibus
1229 1403 1300 1468 in
1354 1402 1597 1487 species
1657 1403 1820 1466 iram
1872 1403 2297 1489 distinguunt,

166 1513 216 1552 15
253 1493 408 1578 quia
470 1497 629 1578 aput
689 1514 810 1559 nos
869 1493 1185 1558 vocabula
1247 1514 1364 1557 sua
1419 1513 1555 1556 non
1599 1492 1864 1577 habent,
1920 1491 2298 1577 praeteribo,

253 1583 448 1646 etiam
495 1582 550 1647 si
596 1602 884 1647 amarum
928 1603 1048 1648 nos
1096 1582 1523 1666 acerbumque
1568 1580 1871 1665 dicimus,
1922 1602 2041 1646 nec
2086 1582 2298 1646 minus

253 1672 762 1755 stomachosum‚
797 1670 1150 1754 rabiosum,
1187 1671 1570 1754 clamosum,
1597 1669 1955 1754 difficilem,
1984 1692 2300 1754 asperum,

253 1783 418 1846 quae
483 1761 702 1826 omnia
755 1761 994 1826 irarum
1040 1759 1435 1825 differentiae
1482 1763 1659 1843 sunt3
1714 1760 1881 1824 inter
1924 1760 2045 1825 hos
2092 1781 2300 1825 moro-

249 1873 398 1917 sum
445 1872 648 1937 ponas
694 1850 873 1935 licet,
910 1849 1254 1916 delicatum
1303 1849 1666 1915 iracundiae
1703 1870 1920 1935 genus.
1989 1848 2301 1935 quaedam
2338 1869 2370 1917 3

164 1960 217 1999 ιο
253 1941 426 2005 enim
473 1944 626 2005 sunt
669 1941 826 2024 irae,
873 1961 1037 2024 quae
1081 1940 1252 2003 intra
1298 1939 1643 2005 clamorem
1690 1939 2053 2023 considant,
2113 1960 2301 2023 quae·

253 2030 402 2094 dam
455 2050 594 2095 11011
645 2030 859 2094 minus
904 2029 1262 2114 pertinaces
1311 2049 1503 2114 quam
1547 2027 1941 2113 frequentes,
1988 2027 2301 2112 quaedam

253 2140 481 2183 saevae
547 2139 743 2182 manu
796 2117 1006 2183 verbis
1066 2117 1415 2202 parciores,
1481 2116 1792 2199 quaedam
1846 2117 1916 2182 in
1960 2116 2301 2182 verborum

253 2206 870 2292 maledictorumque
915 2206 1405 2272 amaritudinem
1451 2206 1715 2290 effusae3
1774 2206 2085 2291 quaedam
2130 2206 2303 2270 ultra

255 2296 574 2379 querellas
638 2300 704 2361 et
766 2296 1196 2362 aversationes
1247 2317 1385 2360 11011
1437 2297 1697 2378 exeunt,
1763 2295 2075 2381 quaedam
2134 2296 2302 2360 altae

164 2402 220 2443 2⁵
256 2406 613 2471 gravesque
657 2388 810 2450 sunt
853 2389 919 2450 et
961 2385 1278 2450 introrsus
1322 2405 1569 2450 versae·
1628 2384 1805 2450 mille
1849 2385 2014 2449 aliae
2058 2385 2302 2470 species

257 2477 411 2539 sunt
452 2474 612 2539 mali
653 2474 1052 2559 multiplicis.

436 2578 517 2645 V.
566 2578 734 2657 Quid
781 2584 948 2646 esset
983 2581 1080 2644 ira
1117 2581 1478 2665 quaesitum
1516 2582 1637 2663 est,
1676 2602 1759 2644 an
1786 2580 1856 2645 in
1882 2580 2089 2646 ullum
2126 2580 2301 2646 aliud
2342 2599 2371 2650 1

257 2670 499 2735 animal
564 2691 758 2754 quam
811 2670 881 2734 in
932 2669 1259 2736 hominem
1314 2668 1593 2753 caderet,
1658 2690 1787 2753 quo
1848 2669 1926 2734 ab
1975 2670 2305 2736 iracundia

257 2759 553 2843 distaret,
599 2760 760 2845 quot
805 2759 940 2824 eius
991 2759 1233 2844 species
1281 2762 1519 2841 essent·
1570 2780 1744 2824 nunc
1796 2781 2173 2844 quaeramus
2221 2782 2303 2824 an

165 2868 220 2908 ³0
257 2849 354 2913 ira
400 2847 753 2913 secundum
796 2850 1092 2913 naturam
1139 2848 1224 2913 sit
1269 2851 1335 2912 et
1378 2870 1463 2911 an
1501 2806 1685 2913 ’utilis
1734 2850 1925 2933 atque
1963 2870 2041 2913 ex
2088 2849 2304 2933 aliqua
2346 2929 2354 2936 Ι
2400 2870 2404 2873 ·

258 2940 443 3022 parte
487 2935 838 3003 retinenda.

439 3093 472 3149 1
513 3092 718 3149 subtile
745 3094 829 3149 A⁶
870 3093 892 3166 ΙΙ
939 3092 976 3148 4
1010 3091 1236 3148 illorum
1274 3106 1309 3148 s·
1352 3092 1580 3148 illarum
1609 3094 1771 3166 AL}
1762 3094 1784 3168 ΙΙ
1817 3093 1854 3150 8
1891 3093 1980 3150 dis
1983 3096 2301 3220 Υοιιτωζζᾳ,

259 3168 414 3222 A1-2
450 3171 502 3237 (s
539 3168 700 3235 aas)
755 3166 764 3237 Ι
815 3166 1178 3221 uaesanoA²
1185 3182 1351 3227 corr.
1385 3164 1469 3221 A⁶
1504 3166 1568 3219 in
1602 3182 1773 3269 mry.
1820 3165 1842 3238 ΙΙ
1893 3165 1963 3221 12
1997 3180 2196 3221 iracun
2234 3184 2302 3221 us

257 3240 452 3308 potest
478 3238 564 3294 A¹
598 3239 744 3293 inter
777 3236 910 3293 haec
943 3236 1110 3293 verba
1143 3253 1258 3292 non
1300 3253 1343 3292 s.
1364 3254 1412 3292 υ.
1442 3236 1571 3297 add.
1603 3236 1687 3292 A⁸
1720 3244 1824 3293 aut
1856 3255 2005 3293 man.
2037 3240 2304 3294 recentior

259 3308 664 3436 saffiram
678 3307 1090 3451 ”ommi'fmmfi
1112 3308 1505 3449 ἓοθζξὲξᾱῗ
1518 3309 1654 3436 ἑξῖὲ
1668 3307 2302 3449 ''ffqxssffitffiffirss

261 3455 318 3507 et
355 3468 504 3521 quae
532 3453 588 3508 L
623 3452 763 3521 τοῖς.

1804 3557 1876 3612 4·
