2544 3746
165 1010 218 1050 10

163 1452 214 1496 15

153 2792 216 2832 30

784 38 882 95 DE
920 40 1048 95 IRA
1085 41 1218 96 LIB.
1249 41 1343 95 111.
1412 40 1564 97 CAP.
1597 48 1645 98 9.
1679 48 1745 97 10
2172 46 2297 111 119

255 191 320 251 et
366 210 407 251 a
451 186 707 251 sitiente
752 190 818 251 et
861 186 942 251 ab
990 187 1169 252 omni
1203 187 1467 253 homine
1505 210 1697 272 quem
1743 187 1961 271 aliqua
2004 211 2105 254 res
2152 189 2299 253 urit.

251 297 408 341 nam
471 279 546 341 ut
608 276 824 341 ulcera
887 275 967 340 ad
1029 276 1238 342 levem
1311 280 1584 361 tactum,
1656 277 1884 343 deinde
1951 278 2145 343 etiam
2218 278 2298 343 ad

253 364 692 450 suspicionem
745 367 955 431 tactus
1012 366 1499 450 condolescunt,
1555 368 1647 431 ita
1699 368 1951 432 animus
2012 366 2299 433 adfectus

253 454 542 521 minimis
589 453 954 540 offenditur,
999 454 1156 520 adeo
1201 459 1278 521 ut
1332 455 1644 540 quosdam
1700 456 2003 522 salutatio
2059 460 2124 521 et
2169 458 2301 541 epi-

253 544 430 609 stula
473 548 540 609 et
584 544 789 609 oratio
837 548 902 609 et
955 545 1374 631 interrogatio
1420 546 1491 610 in
1531 545 1715 610 litem
1770 549 2062 611 evocent:
2116 567 2299 611 num·

253 654 454 718 quam
500 634 637 699 sine
684 634 968 717 querella
1013 654 1204 721 aegra
1247 637 1620 720 tanguntur.

436 720 516 787 X.
590 720 924 807 Optimum
971 726 1069 788 est
1105 723 1322 807 itaque
1368 724 1451 788 ad
1494 724 1778 807 primum
1840 724 1994 789 mali
2040 745 2297 789 sensum

252 811 500 877 mederi
536 811 684 895 sibi,
720 815 863 877 tum
892 812 1101 878 verbis
1141 833 1397 897 quoque
1434 814 1568 878 suis
1604 813 1947 878 minimum
1981 813 2297 896 libertatis

255 900 408 965 dare
455 903 520 965 et
574 899 861 967 inhibere
915 901 1248 986 impetum.
1340 902 1528 968 facile
1583 906 1681 967 est
1735 907 1949 967 autem
2010 900 2298 968 adfectus

255 1011 430 1074 suos,
475 1010 623 1055 cum
669 991 952 1075 primum
1000 991 1323 1074 oriuntur,
1369 991 1863 1075 deprehendere:
1923 991 2298 1057 morborum

255 1079 450 1166 signav
464 1084 904 1164 praecurrunt.
927 1122 930 1125 -
951 1079 1492 1164 quemadmodum
1519 1081 1921 1166 tempestatis
1944 1100 2019 1145 ac
2043 1080 2299 1164 pluviae

255 1171 405 1233 ante
453 1169 625 1252 ipsas
671 1172 862 1235 notae
907 1168 1201 1253 veniunt,
1247 1171 1341 1235 ita
1386 1170 1545 1253 irae,
1599 1170 1835 1235 amoris
1882 1169 2300 1257 omniumque

254 1257 528 1324 istarum
574 1259 1001 1342 procellarum
1057 1258 1308 1324 animos
1362 1258 1732 1324 vexantium
1780 1262 1931 1325 sunt
1986 1256 2299 1342 quaedam

252 1348 655 1431 praenuntia.
760 1346 875 1432 qui
937 1348 1249 1413 comitiali
1323 1348 1482 1413 vitio
1558 1348 1767 1413 solent
1830 1348 2095 1433 corripi,
2171 1348 2299 1412 iam

254 1434 599 1501 adventare
671 1436 1103 1502 valetudinem
1175 1437 1561 1523 intellegunt
1568 1487 1585 1519 ,
1663 1438 1719 1502 si
1793 1438 1968 1502 calor
2049 1458 2301 1502 summa

256 1525 539 1591 deseruit
601 1528 665 1590 et
726 1525 1043 1591 incertum
1117 1526 1339 1592 lumen
1413 1545 1885 1610 nervorumque
1956 1526 2299 1625 trepidatio

254 1616 382 1697 est,
442 1614 499 1679 si
557 1615 868 1679 memoria
922 1616 1283 1681 sublabitur
1338 1619 1657 1700 caputque
1715 1618 2030 1699 versatur3
2091 1615 2299 1681 solitis

255 1703 477 1788 itaque
522 1704 818 1770 remediis
855 1704 1271 1789 incipientem
1308 1726 1567 1779 causam
1605 1708 1949 1789 occupant,
1998 1709 2061 1769 et
2104 1704 2299 1769 odore

255 1796 582 1880 gustuque
628 1792 944 1879 quidquid
988 1796 1088 1859 est
1132 1794 1307 1878 quod
1353 1793 1590 1881 alienat
1638 1795 1887 1859 animos
1949 1794 2299 1880 repellitur,

254 1885 371 1947 aut
414 1881 719 1948 fomentis
765 1887 992 1950 contra
1034 1883 1240 1970 frigus
1287 1885 1693 1970 rigoremque
1730 1888 2081 1970 pugnatur3
2128 1883 2297 1968 [aut]

255 1972 313 2036 si
360 1993 590 2056 parum
636 1973 954 2038 medicina
997 1972 1305 2057 profecit,
1349 1972 1714 2037 vitavenmt
1758 1973 2014 2038 turbam
2052 1975 2117 2037 et
2162 1973 2300 2037 sine

253 2063 421 2126 teste
465 2059 848 2127 cecidenmt.
931 2060 1194 2146 prodest
1237 2062 1537 2127 morbum
1576 2084 1763 2127 suum
1801 2083 1989 2127 nosse
2026 2066 2091 2127 et
2130 2062 2298 2127 vires

254 2149 397 2215 eius
455 2154 797 2234 antequam
858 2150 1216 2235 spatientur
1279 2151 1656 2236 opprimere.
1748 2151 2077 2216 videamus
2143 2151 2299 2233 quid

256 2239 371 2322 sit,
417 2239 594 2323 quod
628 2261 748 2305 nos
786 2239 1064 2305 maxime
1102 2241 1409 2306 concitet:
1455 2240 1655 2306 alium
1691 2241 2060 2323 verborum,
2098 2240 2299 2305 alium

254 2350 472 2394 rerum
536 2328 964 2394 contumeliae
1030 2332 1321 2412 movent3
1381 2328 1491 2394 hic
1553 2330 1696 2394 vult
1765 2329 2121 2413 nobilitati,
2190 2328 2300 2394 hic

254 2415 504 2483 formae
550 2439 702 2483 suae
746 2417 952 2502 parci3
995 2418 1105 2484 hic
1139 2417 1655 2504 elegantissimus
1692 2417 1917 2482 haberi
1954 2418 2153 2502 cupit,
2189 2417 2300 2482 ille

255 2505 698 2589 doctissimus3
743 2507 852 2572 hic
897 2507 1232 2591 superbiae
1279 2507 1599 2592 inpatiens
1647 2510 1769 2589 est,
1815 2507 1924 2572 hic
1969 2510 2299 2572 contuma-

255 2595 421 2680 ciae;
465 2595 576 2659 ille
623 2616 840 2661 servos
884 2618 1019 2661 non
1053 2599 1241 2680 putat
1279 2595 1508 2682 dignos
1548 2596 1781 2679 quibus
1819 2596 2157 2679 irascatur,
2192 2595 2299 2660 hic

255 2684 430 2748 intra
472 2682 740 2748 domum
787 2706 1012 2750 saevus
1057 2688 1180 2768 est,
1227 2684 1386 2750 foris
1446 2683 1650 2769 mitis3
1703 2684 1814 2749 ille
1869 2685 2085 2771 rogari
2138 2684 2299 2748 invi-

255 2771 433 2836 diam
479 2772 745 2856 iudicat,
782 2773 891 2838 hic
925 2794 1059 2838 non
1093 2774 1313 2859 rogari
1349 2773 1823 2839 contumeliam.
1905 2795 2039 2838 non
2077 2794 2298 2839 omnes

256 2861 340 2925 ab
387 2861 608 2926 eadem
666 2865 849 2945 parte
903 2861 1247 2945 feriuntur3
1308 2863 1469 2927 scire
1529 2862 1746 2946 itaque
1806 2865 2088 2946 oportet,
2143 2862 2298 2945 quid

255 2949 328 3014 in
373 2952 438 3014 te
483 2950 855 3016 inbecillum
903 2951 1012 3033 sit,
1057 2954 1132 3015 ut
1177 2951 1243 3014 id
1290 2951 1567 3015 maxime
1611 2954 1930 3036 protegas.

437 3123 474 3178 5
507 3127 605 3178 oio
643 3125 718 3194 (ι-ι
745 3123 948 3196 oratio)
976 3125 1032 3180 L
1067 3131 1132 3180 ut
1165 3125 1303 3196 voly.
1332 3124 1480 3179 ratio
1507 3125 1564 3179 A
1590 3122 1611 3197 ΙΙ
1645 3123 1716 3181 18
1754 3139 1984 3178 causam
2012 3125 2068 3179 A
2107 3139 2297 3179 casum

253 3194 378 3252 edd.
409 3201 537 3252 ame
565 3195 933 3263 Gronovium,
960 3212 1116 3266 quem
1140 3213 1190 3252 v.
1221 3197 1421 3252 observ.
1453 3196 1575 3252 libr.
1606 3197 1716 3252 ΙΙΙ
1739 3201 1809 3252 14
1835 3195 1857 3268 Η
1891 3195 1962 3251 19
1990 3194 2298 3265 repellitur,

255 3269 362 3322 aut
389 3309 402 3322 .
434 3309 447 3323 .
480 3309 492 3321 .
521 3269 834 3338 pugnatun
886 3267 935 3322 si
983 3267 1146 3324 Gertz
1189 3267 1508 3338 repellitur:
1563 3270 1663 3322 aut
1696 3310 1708 3322 .
1741 3311 1753 3322 .
1788 3310 1799 3322 .
1836 3270 2149 3340 pugnatur,
2199 3270 2300 3322 aut

253 3339 306 3393 si
335 3339 392 3393 A
429 3344 480 3394 et
513 3340 651 3411 vola.
689 3339 710 3412 ΙΙ
743 3338 817 3395 24
850 3337 1149 3394 uerborum
1188 3341 1242 3410 (o
1280 3355 1347 3395 ex
1380 3343 1420 3393 fi
1455 3341 1616 3410 corr.)
1644 3342 1700 3394 A
1736 3339 1761 3412 Η
1792 3337 1863 3394 29
1890 3338 2026 3394 foris
2054 3339 2153 3406 A⁵,
2183 3356 2208 3393 s
2236 3341 2299 3394 in

249 3425 368 3465 ras.
398 3409 558 3466 ἀναν.
590 3411 694 3466 litt.
721 3412 850 3478 fort.
873 3427 982 3480 pro
1017 3410 1066 3464 is
