2544 3746
150 1028 202 1067 10

149 1474 200 1515 15

139 2366 194 2408 25

837 53 935 107 DE
971 54 1102 109 IRA
1139 52 1276 109 LIB.
1304 53 1372 107 H.
1440 52 1593 108 CAP.
1626 58 1693 107 28
2210 56 2294 121 97

243 201 487 265 bonum
527 200 691 265 esse!
767 204 1010 283 quanto
1047 200 1243 265 latius
1284 198 1651 265 officiorum
1686 202 1869 283 patet
1906 219 2101 281 quam
2138 198 2296 265 iuris

240 290 492 375 regula!
605 310 800 372 quam
873 290 1082 354 multa
1152 288 1392 373 pietas,
1460 287 1862 373 humanitas,
1923 288 2295 373 liberalitas,

241 378 520 462 iustitia,
577 378 738 444 fides
799 379 1096 465 exigunt,
1159 399 1324 463 quae
1372 378 1591 443 omnia
1636 380 1819 442 extra
1862 377 2157 461 publicas
2202 380 2297 443 ta-

242 469 429 533 bulas
490 468 668 533 sunt!
763 468 875 533 sed
933 490 1016 534 ne
1076 467 1157 531 ad
1217 468 1400 532 illam
1457 467 1719 552 quidem
1765 467 2157 532 artissimam
2202 467 2298 533 in·
2334 484 2367 534 3

239 558 579 623 nocentiae
624 557 974 623 formulam
1019 561 1347 642 praestare
1390 578 1511 622 nos
1558 577 1933 641 possumus·
1979 556 2107 621 alia
2144 555 2298 623 feci·

241 669 426 731 mus,
473 647 602 711 alia
661 646 1120 733 cogitavimus,
1174 645 1302 711 alia
1357 646 1754 747 optavimus,
1800 645 1943 711 aliis
1989 644 2297 731 favimus3

240 737 310 801 in
371 735 758 821 quibusdam
819 738 1194 802 innocentes
1256 757 1507 819 sumus,
1570 736 1723 820 quia
1781 756 1914 800 non
1970 735 2319 808 successit.

238 826 367 891 hoc
431 826 792 911 cogitantes
858 826 1192 909 aequiores
1266 826 1469 891 simus
1547 824 2102 909 delinquentibus,
2165 844 2297 890 cre-
2331 842 2367 891 4

239 915 468 981 damus
530 914 1052 1001 obiurgantibus3
1111 915 1339 999 utique
1390 914 1579 980 bonis
1624 936 1707 979 ne
1754 915 2108 980 irascamur
2160 910 2297 1003 (cui

239 1006 415 1069 enim
459 1026 622 1087 non,
667 1005 724 1069 si
770 1004 958 1069 bonis
1007 1001 1365 1089 quoqueP),
1420 1004 1687 1069 minime
1744 1003 1896 1088 diis3
1940 1024 2075 1068 non
2120 1004 2295 1069 enim

237 1094 503 1159 illorum
549 1096 639 1177 vi,
693 1093 803 1157 sed
848 1094 994 1180 lege
1039 1094 1457 1159 mortalitatis
1504 1094 1791 1178 patimur
1838 1092 2153 1178 quidquid
2199 1093 2295 1159 in-

238 1183 566 1249 commodi
631 1183 882 1249 accidit.
1005 1182 1104 1247 ‘at
1172 1183 1385 1248 morbi
1460 1182 1842 1267 doloresque
1915 1181 2295 1249 incurrunt?

237 1274 466 1357 utique
525 1273 745 1356 aliquo
803 1271 1285 1359 defungendum
1335 1276 1434 1338 est
1479 1272 1881 1338 domicilium
1925 1276 2115 1357 putre
2162 1293 2294 1339 sor-

237 1363 396 1427 titis
491 1362 740 1427 dicetur
799 1362 1034 1445 aliquis
1093 1363 1264 1427 male
1326 1362 1405 1427 de
1464 1366 1529 1427 te
1588 1362 1873 1427 locutus.
1948 1362 2165 1448 cogita
2208 1383 2295 1427 an

235 1453 418 1537 prior
475 1452 733 1536 feceris,
794 1452 1011 1539 cogita
1072 1450 1150 1517 de
1207 1473 1402 1535 quam
1450 1451 1675 1516 multis
1720 1450 2026 1533 loquaris.
2120 1452 2293 1539 cogi-
2328 1468 2363 1517 5

235 1546 479 1625 temne,
524 1542 815 1625 inquam,
855 1542 1016 1607 alios
1055 1563 1188 1606 non
1225 1541 1492 1606 facere
1473 1540 1778 1605 iniuriam
1816 1540 1927 1605 sed
1961 1560 2291 1643 reponere,

237 1631 400 1696 alios
447 1652 566 1715 pro
613 1631 802 1696 nobis
849 1630 1086 1714 facere,
1133 1630 1297 1695 alios
1337 1632 1595 1695 coactos
1632 1628 1871 1714 facere,
1906 1628 2071 1696 alios
2108 1630 2291 1717 igno-

235 1724 482 1821 rantes,
528 1721 723 1785 etiam
760 1742 896 1803 eos,
941 1720 1055 1821 qui
1099 1718 1394 1785 volentes
1441 1720 1845 1801 scientesque
1888 1718 2165 1803 faciunt,
2212 1741 2293 1785 ex

235 1808 476 1876 iniuria
528 1812 753 1876 nostra
804 1830 939 1875 non
984 1810 1194 1895 ipsam
1241 1808 1545 1873 iniuriam
1590 1811 1838 1894 petere:
1911 1811 2025 1875 aut
2078 1808 2290 1876 dulce-

236 1900 386 1964 dine
445 1899 830 1965 urbanitatis
890 1900 1232 1984 prolapsus
1295 1903 1420 1984 est,
1480 1901 1593 1964 aut
1637 1899 1795 1965 fecit
1839 1897 2111 1984 aliquid,
2155 1920 2292 1964 non

235 1994 310 2054 ut
355 1987 545 2054 nobis
592 1988 872 2072 obesset,
930 1988 1040 2053 sed
1097 1989 1250 2071 quia
1302 1989 1609 2071 consequi
1654 1988 1795 2072 ipse
1838 2009 1975 2053 non
2016 1991 2289 2073 poterat,

233 2079 364 2142 nisi
434 2099 556 2143 nos
628 2077 1000 2163 repulisset3
1073 2099 1263 2162 saepe
1338 2077 1654 2162 adulatio,
1716 2077 1873 2141 dum
1939 2075 2291 2162 blanditur,

236 2167 522 2232 offendit.
617 2168 910 2251 quisquis
977 2166 1057 2231 ad
1123 2188 1190 2232 se
1253 2167 1602 2250 rettulerit,
1660 2166 1959 2249 quotiens
2020 2166 2159 2250 ipse
2218 2167 2290 2232 in
2325 2183 2357 2232 s

235 2258 671 2341 suspicionem
715 2257 946 2322 falsam
993 2255 1317 2340 inciderit,
1367 2277 1561 2339 quam
1608 2256 1831 2320 multis
1880 2255 2113 2321 officiis
2152 2256 2286 2322 suis

233 2345 498 2411 fortuna
555 2347 837 2431 speciem
897 2346 1169 2411 iniuriae
1228 2345 1540 2429 induerit,
1599 2366 1794 2429 quam
1839 2346 2081 2411 multos
2135 2348 2288 2430 post

234 2436 458 2501 odium
495 2457 710 2500 amare
749 2435 1064 2519 coeperit,
1099 2435 1342 2520 poterit
1376 2456 1511 2500 non
1548 2436 1769 2500 statim
1794 2434 2021 2518 irasci,
2057 2435 2285 2519 utique

231 2525 292 2592 si
357 2524 482 2590 sibi
543 2526 782 2590 tacitus
845 2523 927 2590 ad
991 2524 1249 2612 singula
1314 2525 1548 2608 quibus
1616 2523 1962 2590 offenditur
2024 2524 2283 2590 dixerit:

233 2614 395 2681 ‘hoc
440 2619 504 2678 et
550 2615 687 2699 ipse
735 2614 1072 2680 commisi?
1163 2615 1274 2680 sed
1330 2613 1445 2679 ubi
1498 2618 1633 2678 tam
1680 2628 1957 2700 aequum
2003 2613 2283 2680 iudicem
2323 2630 2353 2680 ’1

230 2703 566 2770 invenies?
655 2705 710 2770 is
774 2704 886 2787 qui
943 2704 1187 2769 nullius
1246 2725 1382 2769 non
1440 2725 1709 2768 uxorem
1760 2703 2165 2788 concupiscit
2218 2707 2283 2768 et

413 2932 452 2988 2
502 2932 820 2989 liberalitas
873 2935 922 3003 (s
965 2949 1009 2988 8.
1038 2935 1111 3004 v.)
1161 2933 1264 3001 A⁵,
1320 2949 1388 2988 ex
1436 2932 1521 2988 A¹
1572 2935 1855 3002 scriptum
1906 2933 2283 3003 dispicimus·

228 3004 349 3060 libe
369 3047 562 3061 ......
585 3022 612 3060 s
629 3004 651 3078 Η
673 3003 710 3060 9
729 3010 781 3060 et
797 3003 869 3058 1⁰
895 3001 1058 3060 bonis
1080 3011 1310 3074 utroque
1328 3005 1444 3060 loco
1461 3020 1563 3060 ser.
1580 3002 1743 3060 Gertz
1760 3004 1881 3060 coll.
1898 3020 1943 3060 c.
1961 3007 2051 3073 27,
2062 3009 2099 3060 3
2116 3002 2281 3060 nobis

231 3078 290 3132 A
339 3075 360 3148 ΙΙ
409 3074 479 3131 11
525 3075 754 3131 illorum
799 3074 996 3144 <vi>
1041 3077 1241 3146 scripsi
1276 3081 1329 3130 et
1361 3069 1505 3132 idem
1540 3077 1755 3132 mvem't
1788 3076 1857 3130 P.
1884 3076 2119 3132 noma-s
2152 3074 2280 3132 illo-

229 3164 359 3202 rum
401 3148 458 3202 A
505 3146 528 3220 ΙΙ
575 3145 650 3202 18
694 3145 886 3217 aliquo
934 3143 1354 3231 defungendum
1394 3145 1635 3218 Madvig
1675 3143 1910 3217 aliquod
1944 3145 2279 3231 fugiendum

229 3219 290 3274 A
324 3219 346 3291 Η
381 3217 454 3273 15
490 3219 696 3288 <tu>
733 3163 985 3304 loquaris
1011 3233 1174 3288 prop.
1203 3217 1520 3274 Feldmoemt
1552 3215 1679 3343 q'lff
1706 3233 1809 3288 pro
1842 3216 2007 3274 nobis
2030 3219 2108 3286 A,
2134 3219 2279 3289 quod

229 3295 384 3346 teneo
421 3305 546 3346 cum
574 3289 794 3345 Haasio
829 3304 1034 3360 pronos
1063 3289 1118 3344 L
1154 3294 1208 3346 et
1244 3288 1379 3360 vozq.
1417 3304 1521 3359 pro
1596 3305 1704 3345 ono
1747 3287 1910 3346 Gen-ts
1945 3291 2277 3360 provocatos

230 3359 604 3506 Bm!
628 3359 772 3417 alios
807 3359 972 3417 nobis
1007 3360 1331 3431 praeripere
1368 3361 1435 3418 P.
1463 3360 1698 3418 nomae
1732 3360 1754 3435 ΙΙ
1788 3359 1861 3417 24
1895 3307 2089 3417 multis
2126 3363 2175 3434 (t
2210 3378 2281 3420 ex

221 3450 250 3502 J

341 3539 578 3585 sunnon:
602 3549 772 3587 omna
796 3541 837 3584 1.
861 3543 898 3584 1.
918 3541 988 3585 ed.
1007 3541 1122 3584 Her
1131 3551 1246 3584 mes
1247 3571 1256 3582 .
1812 3545 1847 3597 ⁰1

2525 2345 2544 2650 ..annuit-'ii
2525 2209 2544 2284 ἄιε
2529 1716 2544 2124 *21:5211111--25
2532 1638 2544 1651 ι
2533 1477 2544 1601 ειιι.
