2544 3746
271 106 374 161 AD
405 104 754 163 SERENVM
779 104 880 159 DE
909 83 1550 171 TRANQVILLITATE
1569 105 1787 159 Amin
1812 104 2054 161 GAP.1⁷
2138 99 2266 176 277

143 217 147 221 .
234 251 451 317 dinem
510 250 758 317 duabus
811 250 941 319 illis
986 250 1164 317 horis
1209 250 1509 335 ponebat.
1603 250 1864 336 quidam
1910 252 2121 318 medio
2168 253 2271 319 die

232 340 749 407 interiunxerunt
807 344 874 405 et
929 340 1000 405 in
1056 340 1591 425 postmeridianas
1650 341 1843 406 horas
1898 341 2141 427 aliquid
2183 342 2271 408 le-
2313 422 2317 425 ι

233 430 431 496 vioris
469 451 698 515 operae
735 428 1138 495 distulerunt.
1210 430 1484 496 maiores
1514 452 1771 515 quoque
1806 430 2013 495 nostri
2036 453 2273 510 novam

231 519 610 586 relationem
663 522 816 604 post
865 520 1093 585 horam
1153 518 1487 585 decumam
1530 520 1601 583 in
1645 522 1873 585 senatu
1916 519 2057 585 fieri
2099 524 2271 588 veta-

173 634 198 675 s
232 608 408 681 bant.
499 608 684 673 miles
747 608 1004 693 vigilias
1059 608 1317 691 dividit,
1374 612 1441 673 et
1491 630 1625 673 nox
1682 608 1965 675 inmunis
2029 612 2128 674 est
2191 610 2270 675 ab

233 697 640 782 expeditione
685 696 1109 763 redeuntium.
1200 696 1666 783 indulgendum
1714 701 1813 762 est
1856 696 2073 767 animo
2119 698 2272 763 dan-

234 788 517 871 dumque
563 786 836 852 subinde
883 786 1114 870 otium,
1170 786 1345 871 quod
1391 786 1681 852 alimenti
1726 807 1801 852 ac
1844 786 2081 852 virium
2124 788 2269 853 loco

234 876 335 941 sit.
427 879 494 941 et
535 875 606 940 in
650 872 1194 942 ambulationibus
1241 876 1480 960 apertis
1525 876 1920 961 vagandum,
1973 880 2049 941 ut
2094 878 2270 943 caelo

230 964 436 1030 libero
497 969 563 1030 et
605 966 826 1030 multo
883 965 1115 1049 spiritu
1167 969 1403 1050 augeat
1447 966 1841 1050 attollatque.
1875 986 1947 1031 >se
1991 966 2273 1048 animus3

145 1080 198 1120 ιο
233 1054 578 1138 aliquando
642 1052 920 1119 vectatio
985 1052 1236 1139 iterque
1301 1057 1367 1119 et
1428 1058 1679 1119 mutata
1739 1053 1919 1140 regio
1982 1054 2274 1140 vigorem

143 1512 194 1564 ιδ

233 1142 480 1209 dabunt
525 1141 984 1228 convictusque
1021 1146 1086 1209 et
1118 1142 1449 1208 liberalior
1482 1144 1680 1227 potio.
1753 1165 1886 1209 non
1919 1164 2274 1228 numquam

233 1235 300 1297 et
361 1253 566 1316 usque
629 1232 710 1296 ad
773 1232 1147 1297 ebrietatem
1209 1230 1621 1316 veniendum,
1691 1252 1826 1297 non
1886 1236 1963 1297 ut
2024 1236 2275 1319 mergat

232 1336 382 1405 nos,
443 1320 554 1386 sed
618 1324 692 1386 ut
754 1320 1100 1405 deprimat;
1172 1319 1332 1392 eluit
1394 1321 1567 1387 enim
1628 1342 1810 1387 curas
1870 1325 1935 1387 et
1998 1321 2094 1388 ab
2141 1322 2273 1387 imo

233 1410 532 1475 animum
577 1413 815 1487 movet
852 1413 918 1475 et
973 1414 1049 1475 ut
1106 1409 1348 1476 morbis
1410 1410 1792 1494 quibusdam
1836 1410 1930 1476 ita
1972 1410 2274 1477 tristitiae

233 1498 551 1583 medetur,
595 1498 916 1583 Liberque
959 1521 1095 1565 non
1140 1500 1224 1565 ob
1269 1498 1598 1564 licentiam
1632 1499 1893 1586 linguae
1932 1498 2140 1567 dictus
2177 1502 2275 1566 est

231 1587 534 1655 inventor
589 1587 750 1671 vini,
815 1587 924 1653 sed
986 1588 1138 1674 quia
1192 1588 1427 1654 liberat
1480 1588 1741 1654 servitio
1798 1610 2096 1654 curarum
2142 1589 2274 1653 ani-

231 1691 415 1742 mum
478 1680 544 1743 et
604 1675 844 1743 adserit
903 1681 1292 1763 vegetatque
1356 1680 1421 1741 et
1482 1676 1920 1746 audaciorem
1933 1677 2005 1743 in
2064 1678 2273 1743 omnis

233 1768 516 1833 conatus·
547 1764 719 1831 facit.
795 1766 908 1831 sed
954 1770 1030 1831 ut
1073 1765 1390 1832 libertatis
1435 1766 1529 1830 ita
1571 1766 1710 1830 vini
1746 1766 2021 1832 salubris
2058 1766 2273 1832 mode-

187 1923 194 1926 .
232 1854 398 1922 ratio
436 1859 549 1923 est.
615 1853 921 1922 Solonem
948 1853 1414 1941 Arcesilanque.
1438 1854 1780 1922 indulsisse
1806 1856 1959 1922 vino
1988 1854 2273 1940 credunt,

135 1971 194 2011 20

133 2414 191 2456 25

234 1943 466 2012 Catoni
520 1945 790 2009 ebrietas
851 1944 1101 2010 obiecta
1159 1949 1283 2010 est:
1341 1941 1596 2010 facilius
1658 1944 1923 2029 efficiet,
1982 1944 2274 2030 quisquis

233 2033 472 2100 obiecit
524 2033 608 2117 ei,
673 2033 916 2099 crimen
967 2033 1315 2100 honestum
1379 2055 1573 2118 quam
1632 2037 1890 2118 turpem
1946 2031 2273 2099 Catonem.

233 2123 346 2188 sed
403 2142 521 2188 nec
579 2143 770 2206 saepe
814 2122 1180 2189 faciendum
1227 2126 1352 2206 est,
1412 2145 1495 2188 ne
1542 2122 1795 2187 animus
1841 2123 2078 2188 malam
2126 2144 2273 2189 con-

233 2211 639 2277 suetudinem
685 2212 902 2296 ducat,
957 2215 1024 2278 et
1067 2211 1414 2296 aliquando
1450 2215 1670 2281 tamen
1704 2211 1778 2277 in
1811 2211 2274 2278 exultationem

230 2301 722 2385 libertatemque
791 2301 1221 2368 extrahendus
1290 2301 1623 2386 tristisque
1692 2300 2001 2366 sobrietas
2069 2322 2273 2366 remo-

231 2390 440 2456 venda
501 2391 843 2475 paulisper.
946 2411 1098 2455 nam
1163 2390 1299 2457 sive
1364 2388 1604 2456 Graeco
1665 2393 1895 2474 poetae
1955 2389 2273 2455 credimus

233 2478 253 2508 ‘
268 2478 614 2563 aliquando
688 2482 754 2552 et
822 2478 1101 2544 insanire
1172 2478 1525 2544 iucundum
1599 2478 1746 2562 est-⁹,
1818 2479 1952 2544 sive
2015 2477 2275 2544 Platoni

234 2567 505 2634 ‘frustra
543 2568 828 2652 poeticas
858 2565 1034 2635 fores
1071 2589 1338 2653 compos
1375 2569 1477 2633 sui
1511 2567 1809 2654 pepulit’,
1854 2567 1991 2633 sive
2027 2565 2275 2634 Aristo-

412 2723 485 2777 25
520 2723 622 2790 cfr.
651 2725 984 2784 Anacreont
1018 2730 1056 2780 8
1092 2725 1232 2780 Hor.
1261 2741 1305 2780 e.
1334 2725 1437 2780 IV
1464 2729 1551 2792 12,
1576 2729 1653 2780 28
1685 2725 1707 2798 ΙΙ
1752 2724 1825 2778 26
1856 2726 2005 2780 Plat.
2034 2725 2271 2780 Phaedr.

232 2813 278 2850 c.
307 2798 382 2850 22
416 2801 550 2851 extr.
581 2811 642 2864 p.
670 2798 828 2850 245α
861 2795 882 2868 ΙΙ
916 2795 986 2850 27
1024 2796 1252 2850 Aristot.
1292 2796 1561 2851 Problem.
1599 2800 1753 2864 30,1

417 2901 446 2955 ⁷
495 2900 751 2958 alimenti
792 2902 848 2956 A
899 2902 966 2972 (ti
1001 2920 1070 2957 m.
1102 2907 1134 2956 1
1179 2903 1245 2956 in
1287 2918 1399 2957 ras,
1438 2903 1616 2970 paulo
1659 2903 1896 2968 Μαίονος
1939 2902 2059 2957 sine
2104 2902 2274 2956 dubio

230 2973 350 3041 fuit
397 2971 709 3042 alimentis.)
758 2973 904 3028 vires
947 2973 1226 3028 interdum
1269 2989 1364 3028 eas
1401 2975 1556 3042 ipsas
1588 2989 1677 3028 res
1708 2975 1920 3038 vocari,
1958 2989 2097 3042 quae
2130 2974 2274 3027 vires

232 3044 394 3098 alant
437 3060 504 3098 ac
545 3044 785 3112 firment,
835 3050 1013 3099 monet
1049 3045 1214 3099 Gertz
1249 3045 1369 3099 coll.
1412 3043 1568 3099 Onia.
1596 3051 1702 3099 art.
1732 3061 1839 3098 am.
1872 3014 1950 3097 1’1
1977 3047 2087 3098 439
2130 3045 2270 3113 trist.

231 3114 348 3170 III
374 3119 428 3180 8,
455 3118 525 3168 31
571 3120 804 3184 (metam.
835 3115 965 3170 XV
988 3118 1115 3185 350)
1161 3115 1202 3184 ΙΙ
1228 3114 1299 3169 13
1336 3121 1467 3184 post
1511 3114 1652 3169 eluit
1689 3114 1839 3168 enim
1880 3113 2044 3168 Gertz
2078 3114 2270 3168 vinum

233 3185 374 3240 addi
419 3186 618 3254 voluit,
668 3185 814 3254 quod
855 3202 971 3241 ‘non
1011 3192 1147 3255 puto
1181 3202 1575 3241 necessmum:
1618 3192 1685 3240 ιιι
1720 3186 1797 3240 ad
1830 3186 2053 3254 mergat
2088 3191 2139 3240 et
2176 3184 2271 3238 de-

273 3254 472 3325 rimat,
508 3257 592 3311 ita
628 3257 705 3312 ad
741 3255 883 3312 eluit
917 3273 1124 3327 quoque
1157 3258 1387 3312 subiecti
1423 3258 1538 3312 loco
1572 3256 1730 3326 potio
1758 3255 2123 3326 intelleqcnda
2148 3262 2227 3311 est
2251 3255 2271 3328 ΙΙ

232 3275 305 3384 f?
342 3329 679 3398 vegetatque
713 3341 747 3383 ς
785 3329 996 3399 uiget
1000 3330 1170 3398 atque
1207 3330 1284 3385 A²
1268 3331 1361 3364 ²·²
1396 3327 1417 3401 ΙΙ
1451 3328 1521 3383 18
1557 3327 1791 3384 libertas
1818 3329 1875 3384 A
1912 3344 2047 3383 corr.
2076 3328 2213 3397 volq.
2250 3335 2271 3389 ΙΙ

234 3397 308 3454 20
335 3399 484 3456 effici
511 3399 578 3454 &·
612 3399 822 3456 crimen
849 3400 935 3457 A²
959 3401 1053 3456 scd
1078 3403 1142 3454 in
1167 3417 1341 3471 mary.
1363 3407 1493 3470 post
1518 3399 1668 3455 effici
1695 3399 1742 3454 85
1767 3398 1853 3455 A²
1879 3399 2082 3454 adiecit
2105 3397 2270 3453 verba

236 3470 491 3540 quisquis
528 3465 740 3527 obiecit
775 3471 822 3526 ἃ,
857 3489 994 3530 corr.
1025 3472 1185 3527 Koch

2313 2405 2381 2454 10
