2544 3746
305 74 410 138 AD
439 82 778 137 HELVIAM
804 82 1123 138 MATREM
1150 84 1250 139 DE
1280 84 1837 141 CONSOLATIONE
1866 85 2019 143 CAP.
2044 92 2110 141 10
2192 87 2324 155 355

245 198 536 295 ¹hostem
603 230 1023 315 percusserat
1101 232 1516 314 laureamque
1588 232 1659 297 in
1731 228 2083 317 Capitolini
2152 231 2325 297 Iovis

277 319 528 422 gremio
565 322 966 404 reposuerat,
1013 341 1208 403 quam
1235 318 1507 404 Apicius
1542 324 1767 385 nostra
1801 320 2113 387 memoria
2146 320 2325 405 vixit,

197 413 204 418 “
277 408 396 493 qui
459 408 530 472 in
591 430 667 473 ea
729 407 915 491 urbe,
978 430 1058 473 ex
1123 431 1252 494 qua
1316 408 1663 493 aliquando
1719 409 2095 495 philosophi
2147 411 2328 476 velut

177 1058 238 1097 10

105 1504 237 1544 ’15

173 1952 238 1992 80

173 2397 236 2439 25

277 501 691 582 corruptores
746 498 1100 564 iuventutis
1156 498 1332 564 abire
1386 498 1549 564 iussi
1602 503 1781 583 sunt,
1834 499 2168 564 scientiam
2212 521 2327 602 po-

275 586 472 672 pinae
515 586 846 672 professus
891 586 1233 671 disciplina
1268 608 1387 652 sua
1423 588 1749 653 saeculum
1787 588 2053 654 infecit?
2142 590 2325 655 cuius

277 676 526 741 exitum
604 697 800 741 nosse
873 697 1104 761 operae
1176 677 1461 761 pretium
1532 680 1646 742 est.
1740 698 1887 743 cum
1960 678 2325 744 sestertium
2400 694 2432 743 9

275 765 562 831 milliens
634 766 705 830 in
777 766 1060 831 culinam
1135 765 1542 849 coniecisset,
1612 787 1761 831 cum
1833 770 1937 832 tot
1998 768 2328 853 congiaria

275 854 647 940 principum
707 858 773 920 et
825 854 1054 941 ingens
1111 853 1418 940 Capitolii
1469 856 1750 942 vectigal
1803 855 2076 942 singulis
2132 857 2328 922 comi-

278 944 639 1011 sationibus
695 945 1149 1029 exsorpsisset,
1203 966 1348 1009 aere
1394 944 1606 1009 alieno
1654 966 1999 1031 oppressus
2045 946 2325 1013 rationes

277 1055 432 1099 suas
475 1037 634 1099 tunc
677 1034 961 1118 primum
1006 1036 1266 1109 coactus
1313 1034 1624 1119 inspexit.
1669 1034 2156 1120 superfuturum
2202 1036 2329 1101 sibi

277 1124 645 1189 sestertium
687 1123 978 1210 ⁸centiens
1025 1123 1430 1208 computavit
1474 1127 1539 1189 et
1574 1124 1753 1189 velut
1788 1124 1858 1190 in
1893 1124 2124 1190 ultima
2158 1126 2327 1191 fame

274 1213 593 1296 victurus,
639 1212 697 1278 si
740 1212 811 1277 in
847 1212 1143 1279 sestertio
1181 1213 1468 1278 centiens
1505 1213 1771 1279 vixisset
1778 1260 1807 1297 ,.
1842 1236 2088 1279 veneno
2126 1215 2328 1282 vitam

277 1301 510 1367 finivit.
604 1306 848 1387 quanta
904 1302 1162 1367 luxuria
1221 1304 1388 1385 erat,
1451 1302 1557 1368 cui
1616 1303 1903 1368 centiens
1962 1305 2328 1371 sestertium
2366 1320 2433 1371 10

279 1395 533 1477 egestas
580 1391 732 1457 fuit!
823 1392 848 1455 i
892 1414 1066 1457 nunc
1113 1395 1178 1456 et
1221 1396 1382 1476 puta
1425 1393 1735 1477 pecuniae
1772 1393 2036 1458 modum
2074 1394 2156 1459 ad
2192 1416 2328 1459 rem

279 1482 627 1566 pertinere,
681 1502 816 1546 non
871 1481 1086 1546 animi.
1180 1482 1545 1547 sestertium
1602 1482 1885 1549 centiens
1943 1483 2177 1566 aliquis
2224 1506 2329 1549 31-

279 1570 506 1635 timuit
560 1574 653 1654 et,
714 1570 890 1653 quod
944 1570 1058 1636 alii
1110 1574 1265 1635 voto
1321 1573 1581 1655 petunt,
1639 1592 1887 1637 veneno
1941 1572 2140 1658 fugit!
2230 1572 2329 1638 illi

277 1681 436 1725 vero
491 1663 628 1725 tam
682 1681 918 1744 pravae
966 1656 1199 1725 mentis
1246 1660 1499 1724 homini
1542 1660 1773 1725 ultima
1817 1661 2000 1745 potio
2048 1662 2327 1727 saluber-

277 1749 446 1813 rima
503 1749 656 1813 fuit:
715 1752 874 1815 tunc
932 1771 1179 1814 venena
1237 1748 1467 1813 edebat
1524 1749 1941 1833 bibebatque,
2004 1772 2152 1816 cum
2211 1752 2328 1817 im-

275 1836 517 1904 mensis
565 1838 772 1923 epulis
818 1860 955 1904 non
991 1838 1415 1905 delectaretur
1452 1842 1731 1922 tantum,
1776 1838 1887 1904 sed
1897 1840 2327 1944 gloriaretur,

278 1950 428 1994 cum
486 1927 646 1993 vitia
699 1950 818 1995 sua
873 1932 1254 2011 ostentaret,
1314 1949 1461 1994 cum
1517 1928 1844 1994 civitatem
1891 1929 1961 1994 in
2004 1931 2327 1995 luxuriam

277 2039 465 2086 suam
510 2021 940 2102 converteret,
988 2039 1136 2083 cum
1181 1977 1585 2083 iuventutem
1631 2017 1713 2083 ad
1760 2019 2189 2084 imitationem
2228 2019 2327 2085 3111

277 2107 661 2173 sollicitaret
715 2107 910 2172 etiam
964 2108 1105 2173 sine
1159 2107 1347 2171 malis
1404 2107 1713 2192 exemplis
1758 2129 1877 2192 per
1920 2130 1989 2173 se
2036 2107 2326 2174 docilem.

274 2196 440 2261 haec
495 2197 797 2262 accidunt
849 2196 1108 2262 divitias
1162 2217 1299 2260 non
1352 2195 1434 2260 ad
1486 2197 1802 2262 rationem
1858 2198 2328 2282 revocantibus,
2367 2215 2431 2261 11

277 2285 463 2350 3111113
511 2285 668 2352 certi
717 2285 878 2351 fines
925 2289 1105 2369 sunt,
1151 2284 1264 2350 sed
1310 2285 1391 2350 ad
1437 2285 1739 2351 vitiosam
1778 2286 2326 2372 consuetudinem,

275 2373 461 2440 cuius
506 2375 874 2440 inmensum
920 2379 986 2440 et
1029 2375 1594 2459 incomprensibile
1641 2374 1978 2442 arbitrium
2016 2380 2127 2441 est.
2220 2399 2327 2442 cu-

275 2464 540 2550 piditati
584 2464 753 2529 nihil
798 2463 955 2531 satis
1001 2468 1126 2549 est,
1179 2467 1447 2530 naturae
1494 2464 1650 2530 satis
1697 2469 1796 2530 est
1840 2466 2035 2532 etiam
2079 2489 2323 2552 parum.

273 2554 530 2620 nullum
613 2576 768 2641 ergo
853 2557 1196 2639 paupertas
1271 2553 1477 2619 exulis
1551 2554 2035 2621 incommodum
2106 2556 2327 2641 habet3

274 2644 532 2709 nullum
578 2643 750 2709 enim
794 2647 930 2708 tam
975 2645 1164 2727 inops
1212 2643 1479 2709 exilium
1525 2647 1651 2728 est,
1697 2644 1871 2728 quod
1915 2667 2049 2711 non
2094 2646 2323 2712 alendo

274 2733 528 2798 11313131
575 2733 831 2800 abunde
873 2732 1085 2798 fertile
1131 2732 1233 2799 sit.

461 3036 497 3090 9
535 3035 904 3104 exsorpsisset
929 3037 984 3090 A
1023 3038 1092 3105 (p
1120 3052 1162 3090 3.
1191 3053 1240 3091 v.
1271 3035 1403 3090 add.
1430 3035 1560 3103 fort.
1588 3052 1658 3091 m.
1688 3035 1795 3108 1)ss
1831 3035 1901 3090 12
1928 3042 1981 3090 et
2007 3035 2077 3090 13
2114 3037 2325 3093 centies
2434 3067 2437 3070 ⁴

278 3108 339 3164 A
373 3107 394 3180 Η
429 3105 545 3162 14·
528 3125 550 3161 1
576 3122 729 3161 31133
756 3107 1070 3162 Pincianus
1105 3107 1280 3161 inuno
1308 3109 1367 3162 A
1391 3105 1413 3178 Η
1447 3105 1520 3160 28
1546 3106 1775 3161 exilium
1802 3107 1939 3176 voly.
1970 3107 2204 3164 exitium
2223 3109 2281 3164 A
2304 3108 2327 3202 {J

275 3178 352 3234 29
402 3177 590 3233 fertile
636 3178 726 3232 sit
801 3177 897 3232 ‘At
929 3179 1142 3247 vestem
1189 3194 1258 3233 ac
1303 3177 1533 3232 domum
1580 3177 1999 3233 desideraturus
2036 3181 2123 3233 est
2158 3179 2303 3234 exul.

282 3250 450 3306 Gertz
496 3248 682 3304 fertile
721 3248 770 3303 si
804 3250 922 3303 tam
955 3248 1024 3318 (ἓ)
1061 3251 1280 3305 uestem
1318 3248 1615 3303 acdomum
1652 3249 2072 3304 desideraturus
2109 3252 2197 3304 est
2232 3265 2324 3304 ex-

278 3319 371 3375 sul
399 3319 482 3374 A¹
518 3319 706 3375 fertile
744 3319 948 3391 31131133
982 3322 1201 3374 uestem
1234 3319 1532 3374 sodomum
1561 3319 1981 3374 desideraturus
2010 3321 2109 3375 est.
2167 3320 2325 3374 exsul

277 3391 367 3448 A⁶
403 3392 493 3446 An
517 3393 730 3446 vestem
759 3407 829 3445 ac
856 3391 1085 3446 domum
1115 3391 1230 3446 des.
1259 3408 1309 3447 e.
1339 3397 1423 3447 e.?
1450 3391 1674 3448 Fickert
1700 3397 1751 3447 et
1777 3393 1971 3447 Haase
2006 3391 2069 3446 at
2094 3393 2321 3457 vestem,

281 3465 348 3519 at
385 3461 614 3518 domum
651 3462 768 3518 des.
799 3479 846 3520 3.
878 3479 925 3518 3.
957 3463 1272 3534 Heusinger

1787 3568 1895 3624 23*
