2544 3746
191 40 203 96 ι
477 31 539 86 1..
568 30 852 86 ANNAEI
888 29 1217 86 SENECAE
1254 30 1444 85 DIAL.
1472 30 1607 85 LIB.
1635 30 1703 88 V.

191 177 402 243 ibrum
449 176 714 243 Tillium
724 228 742 261 ,
795 178 1177 243 acerrimum
1231 177 1428 261 paulo
1484 180 1632 241 ante
1678 176 1960 262 partium
2008 178 2109 243 de·

191 288 417 351 sorem,
456 266 745 352 aliosque
781 270 932 351 post
957 264 1339 350 Pompeium
1378 265 1635 331 demum
1664 265 2108 351 Pompeianos.

193 378 228 423 c
273 378 375 421 res
421 377 538 422 sua
581 356 651 420 in
693 376 877 441 reges
923 377 1103 420 arma
1147 356 1466 421 convertit
1514 355 1989 441 fidissimosque
2036 378 2111 421 eo

191 444 389 530 pulit,
447 448 524 509 111³
582 445 660 510 de
719 448 925 509 morte
984 466 1207 515 eorum
1267 446 1651 531 cogitarent,
1706 466 1827 530 pro
1876 446 2114 529 quibus

191 539 328 599 ante
369 556 537 618 quos
585 534 750 599 mori
794 538 1020 599 votum
1064 532 1438 600 habuerant.
2180 553 2210 593 ιε

249 621 483 687 XXXI.
555 622 743 688 Nulli
807 623 888 688 ad
953 624 1160 688 aliena
1221 623 1594 707 respicienti
1653 645 1769 689 sua
1826 622 2115 709 placenbz

191 735 220 777 e
267 712 390 778 diis
429 734 686 798 quoque
722 711 1084 796 irascimur,
1123 712 1298 796 quod
1335 712 1567 795 aliquis
1602 733 1723 778 nos
1760 714 2118 796 antecedat,

191 803 260 866 iti
307 806 620 885 quantum
674 799 1012 867 hominum
1065 805 1238 866 retro
1291 802 1403 885 sit,
1448 805 1514 866 et
1555 802 1779 885 paucis
1825 803 2147 867 inviden··

191 918 202 956 ι
249 894 562 976 quantum
608 894 912 974 sequatur
947 914 986 955 a
1021 893 1203 976 tergo
1242 891 1525 977 ingentis
1562 890 1857 956 invidiae.
1930 895 2120 956 tanta

191 1001 289 1045 ten
332 980 768 1065 inportunitas
810 978 1147 1045 hominum
1194 983 1316 1064 est,
1363 983 1464 1064 ut,
1504 980 1797 1064 quamvis
1835 982 2120 1046 multum
2160 1000 2217 1040 ιο

191 1070 460 1154 eperint,
524 1069 794 1133 iniuriae
856 1070 1004 1135 loco
1069 1068 1155 1133 sit
1225 1068 1373 1153 plus
1447 1066 1734 1154 accipere
1806 1071 2119 1154 potuisse.

191 1159 283 1223 dit
343 1157 505 1223 mihi
567 1161 959 1243 praeturam:
1031 1157 1142 1223 sed
1205 1157 1613 1224 consulatum
1679 1180 2119 1243 speraveram3

193 1248 248 1312 it
302 1247 639 1318 duodecim
692 1246 924 1317 fasces:
988 1247 1098 1312 sed
1141 1268 1278 1311 non
1322 1246 1477 1312 fecit
1522 1247 1918 1313 ordinarium
1964 1270 2119 1314 con·-

191 1358 304 1420 3m3
363 1358 402 1401 a
460 1358 563 1401 me
613 1336 936 1401 numerari
991 1336 1201 1401 voluit
1247 1358 1515 1401 annum:
1571 1335 1681 1401 sed
1728 1335 1907 1402 deest
1951 1334 2117 1404 mihi

199 1426 654 1509 sacerdotium3
712 1428 1052 1510 cooptatus
1099 1426 1168 1489 in
1213 1426 1559 1511 coHegium
1606 1446 1775 1490 sum:
1841 1425 1953 1490 sed
2000 1446 2118 1490 cur
2158 1444 2221 1485 ιε

191 1513 429 1578 unum?
519 1515 990 1580 consummavit
1034 1513 1425 1599 dignitatem·
1460 1535 1694 1579 meam:
1760 1513 1872 1579 sed
1917 1515 2119 1599 patri-

191 1603 290 1668 nio
337 1603 504 1668 nihil
549 1604 851 1687 contuli&
902 1624 976 1667 ea
1021 1602 1196 1667 dedit
1239 1603 1429 1686 mihi,
1476 1624 1638 1687 quae
1685 1602 1956 1668 debebat
2000 1604 2119 1667 ali-

237 1692 414 1775 dare,
473 1691 550 1756 de
581 1758 585 1765 ,
611 1714 726 1757 suo
786 1692 954 1757 nihil
1010 1690 1324 1776 protulit?
1414 1713 1534 1777 age
1591 1692 1809 1776 potius
1870 1694 2117 1779 gratias

254 1782 356 1846 his
365 1830 386 1865 ,
449 1803 610 1865 quae
675 1781 1006 1865 accepisti3
1068 1781 1318 1865 reliqua
1376 1784 1643 1865 expecta
1700 1785 1767 1846 et
1821 1782 2117 1847 nondum

191 1892 335 1935 num
399 1893 535 1936 esse
592 1872 657 1936 te
717 1870 949 1956 gaude:
1008 1870 1176 1935 inter
1226 1868 1591 1955 voluptates
1637 1873 1737 1937 est
1780 1893 2117 1956 superesse
2158 1891 2221 1932 20

191 1959 246 2024 »d
293 1981 524 2045 speres.
608 1981 828 2026 omnes
873 1960 1114 2025 vicisssi:
1159 1959 1443 2043 primum
1488 1982 1623 2026 esse
1668 1963 1734 2025 te
1778 1959 1851 2027 in
1894 1961 2116 2026 animo

191 2049 262 2114 ¹[ci
307 2050 404 2112 tui
449 2049 712 2134 laetare3
767 2049 958 2114 multi
1001 2052 1066 2113 te
1109 2050 1406 2114 vincunt:
1460 2049 1819 2134 considera,
1866 2053 2115 2134 quanto

191 2139 407 2204 ecedas
452 2139 668 2223 plures
718 2159 909 2222 quam
957 2139 1259 2222 sequaris.
1335 2138 1509 2222 quod
1550 2139 1635 2205 sit
1674 2139 1744 2203 in
1778 2142 1843 2205 te
1878 2139 2117 2204 vitium

191 2229 422 2293 timum
461 2227 758 2312 quaeris?
818 2228 1013 2294 falsas
1050 2229 1331 2293 rationes
1369 2227 1660 2294 conficis:
1698 2227 1848 2294 data
1873 2250 2116 2314 magno

191 2321 388 2382 bumas
398 2365 418 2400 ,
461 2320 724 2402 accepta
767 2338 986 2401 parvo.
2156 2336 2215 2378 85

249 2403 514 2472 XXXII.
587 2405 788 2470 Aliud
841 2406 911 2470 in
965 2405 1092 2470 alio
1147 2427 1266 2471 nos
1323 2405 1663 2470 deterreat:
1728 2405 2117 2489 quibusdam

193 2517 408 2560 eamus
446 2495 662 2578 irasci,
701 2494 1084 2579 quibusdam
1118 2516 1477 2578 vereamur,
1514 2493 1897 2579 quibusdam
1933 2495 2115 2561 fasti-

191 2583 1931 2758 ffinfffiffimmoeessgassssssiussuffii'.effffinuffsufii
1965 2607 2116 2758 1:53·

191 2782 366 2827 amus
440 2763 770 2827 verberare
843 2763 1088 2845 statim,
1161 2783 1348 2827 crura
1414 2762 1709 2846 protinus
1773 2762 2116 2848 frangere?
2155 2783 2213 2823 3ο

250 2899 281 2952 1
321 2898 552 2954 Tillium
591 2902 784 2956 Muret
816 2901 984 2970 uilljfi
1019 2902 1076 2956 A
1112 2900 1304 2955 Tullia
1338 2902 1394 2956 L
1433 2901 1453 2973 ΙΙ
1496 2900 1533 2955 9
1570 2902 1844 2970 sequatur
1878 2919 1917 2956 a
1952 2907 2115 2972 tergo

193 2972 240 3037 (r
269 2985 304 3023 a
339 2973 403 3024 in
436 2973 547 3040 tine
581 2989 712 3027 vers.
742 2974 806 3026 in
841 2989 952 3028 rae.
991 2974 1018 3026 t
1052 2973 1214 3028 initio
1249 2989 1353 3042 seq.
1383 2989 1515 3028 vers.
1546 2973 1700 3042 add.)
1734 2973 1741 3043 Ι
1777 2973 2029 3043 ingentis
2055 2976 2116 3028 A

191 3042 387 3094 ruentis
439 3043 561 3097 Joh.
601 3043 814 3097 Memor
865 3042 888 3116 ΙΙ
941 3042 1014 3097 14
1059 3045 1344 3098 numerari
1386 3045 1442 3098 A
1491 3043 1772 3098 nominari
1810 3044 2047 3100 Wolters
2094 3045 2119 3116 Η

191 3113 478 3180 cooptatus
507 3115 562 3167 A
597 3114 797 3180 (altera
835 3131 867 3168 ο
905 3130 973 3168 ex
1009 3131 1044 3168 a
1079 3117 1198 3170 rad.
1229 3117 1390 3184 corr.)
1426 3115 1447 3187 Η
1482 3115 1554 3169 19
1588 3115 1679 3169 his
1706 3117 1763 3171 A
1790 3115 1862 3168 iis
1890 3116 2119 3170 Wesen-

191 3199 200 3234 r
233 3183 254 3252 Η
288 3181 360 3236 28
397 3183 472 3237 sit·
507 3185 568 3237 in
602 3185 661 3239 te
697 3186 832 3256 volq.
875 3186 1100 3240 sitiente
1128 3189 1183 3241 A
1213 3187 1290 3240 sit
1316 3188 1435 3240 inte
1462 3188 1520 3241 te
1548 3187 1603 3240 L
1637 3188 1659 3259 Η
1691 3186 1765 3241 24
1791 3186 1932 3239 data
1959 3186 2082 3241 AL
2090 3207 2116 3254 ,-

192 3269 251 3306 οη
283 3260 422 3308 recte
456 3256 845 3323 interpretatus
881 3264 960 3311 est
995 3258 1313 3328 Petscheniy
1350 3257 1549 3312 Philet.
1586 3258 1642 3312 L
1671 3273 1802 3327 pay.
1834 3261 1967 3323 183,-
2007 3258 2114 3326 cfr.

191 3340 295 3387 uae
325 3325 448 3379 Joh.
471 3326 682 3380 Maller
709 3329 1012 3397 disputavit
1038 3330 1166 3384 Ber.
1198 3330 1250 3384 d.
1281 3329 1452 3384 Wien.
1474 3329 1655 3384 Alcaei.
1687 3328 1965 3385 CXVIII
1982 3333 2061 3385 20
2094 3331 2119 3402 ΙΙ

191 3394 626 3464 {ussergastulum
655 3400 710 3452 A
751 3402 904 3466 (eras.
936 3403 981 3468 t)
