2544 3746
231 69 362 135 328
625 65 686 121 L.
716 64 1000 119 AN'NAEI
1037 63 1367 120 SENECAE
1404 64 1595 120 DIAL.
1622 55 1758 120 LIB.
1787 62 1882 119 XI.

231 210 396 279 ficiis
445 210 788 298 imperium
835 211 1238 276 custodiatur
1282 232 1477 295 quam
1514 210 1737 296 armis,
1780 210 1896 277 illo
1934 212 2125 278 rebus
2160 212 2279 278 hu-

232 301 439 367 manis
501 299 894 387 praesidente
951 322 1085 366 non
1145 303 1243 367 est
1296 300 1655 385 periculum
1665 349 1685 384 ‚
1741 322 1825 366 ne
1870 302 2027 386 quid
2070 302 2280 387 perdi-

231 390 400 457 disse
460 395 526 457 te
581 390 847 475 sentias3
917 390 987 455 in
1040 389 1167 456 hoc
1219 410 1351 453 uno
1406 390 1528 455 tibi
1594 390 1750 456 satis
1813 391 2121 476 praesidi,
2178 413 2279 459 so·

231 481 356 547 laci
417 484 531 547 est.
631 480 858 546 attolle
901 483 968 545 te
1013 481 1105 563 et,
1164 479 1465 563 quotiens
1509 479 1813 545 lacrimae
1859 481 2281 547 suboriuntur

233 569 439 637 oculis
503 568 667 654 tuis,
727 568 966 634 totiens
1030 570 1179 634 illos
1243 570 1314 634 in
1374 566 1708 635 Caesarem
1775 569 2021 656 derige:
2084 572 2280 638 sicca·
2344 592 2367 633 a

230 660 474 726 buntur
517 658 784 729 maximi
830 662 896 723 et
940 657 1279 724 clarissimi
1318 662 1671 743 conspectu
1704 660 2018 744 numinis3
2062 660 2283 748 fulgor

232 749 368 813 eius
415 748 594 830 illos,
641 751 715 813 ut
759 746 926 811 nihil
971 746 1149 813 aliud
1194 748 1451 832 possint
1494 748 1807 833 aspicere,
1850 750 2283 837 praestringet

232 842 298 903 et
341 836 412 903 in
457 859 525 903 se
569 838 904 904 haerentes
953 836 1281 903 detinebit.
1312 888 1317 895 .
1372 836 1482 903 hic
1517 836 1640 902 tibi
1647 886 1667 921 ‚
1712 860 1906 922 quem
1943 842 2017 905 tu
2054 838 2283 906 diebus

232 926 504 994 intueris
561 950 636 994 ac
680 926 1010 1011 noctibus,
1064 950 1105 991 a
1150 947 1279 1011 quo
1326 948 1683 1011 numquam
1730 927 1926 995 deicis
1972 927 2283 1013 animum,

231 1016 614 1105 cogitandus
665 1019 789 1101 est,
843 1014 954 1081 hic
999 1020 1228 1081 contra
1268 1014 1598 1082 fortunam
1644 1015 2069 1084 advocandus.
2161 1040 2285 1085 nec
2323 1039 2375 1079 ιο

231 1106 490 1191 dubito,
545 1128 694 1173 cum
748 1110 932 1171 tanta
986 1105 1085 1170 illi
1141 1104 1447 1171 adversus
1502 1126 1724 1172 omnes
1774 1127 1925 1172 suos
1973 1107 2060 1173 sit
2104 1130 2287 1174 man-

230 1197 504 1262 suetudo
551 1198 861 1279 tantaque
906 1193 1344 1281 indulgentia,
1390 1194 1550 1279 quin
1595 1196 1724 1260 iam
1762 1196 1985 1262 multis
2022 1197 2285 1263 solaciis

229 1289 415 1350 tuum
472 1285 647 1350 istud
691 1286 927 1349 vulnus
973 1283 1345 1369 obduxerit,
1398 1286 1527 1350 iam
1574 1285 1807 1369 multa,
1863 1307 2028 1371 quae
2074 1285 2288 1353 dolori

231 1374 562 1459 obstarent
597 1377 735 1459 tu0‚
771 1374 1180 1459 congesserit.
1256 1372 1414 1458 quid
1440 1373 1682 1459 porro?
1752 1378 1829 1439 ut
1853 1374 2021 1441 nihil
2046 1375 2287 1441 horum

229 1462 480 1547 fecerit,
525 1483 742 1528 nonne
787 1462 1086 1548 protinus
1133 1464 1272 1547 ipse
1320 1466 1705 1549 conspectus
1742 1486 1859 1547 per
1896 1486 1964 1531 se
2000 1468 2289 1531 tantum-
2327 1484 2377 1525 15

230 1550 422 1617 modo
489 1551 942 1637 cogitatusque
1003 1549 1235 1617 Caesar
1298 1552 1581 1617 maximo
1648 1552 1889 1618 solacio
1954 1554 2077 1618 tibi
2142 1554 2290 1619 est?

231 1641 321 1706 dii
367 1641 555 1707 illum
603 1640 883 1725 deaeque
919 1640 1106 1706 terris
1145 1642 1258 1705 diu
1295 1641 1733 1707 commodent!
1824 1646 1969 1707 acta
2002 1643 2113 1711 hic
2150 1642 2292 1708 divi

229 1727 516 1816 Augusti
570 1735 828 1815 aequet,
883 1751 1088 1795 annos
1142 1730 1389 1795 vincat!
1464 1753 1679 1815 -quam
1734 1730 1848 1797 diu
1901 1735 2071 1797 inter
2115 1754 2291 1798 mor·

227 1820 389 1886 tales
455 1820 608 1907 erit,
667 1819 835 1886 nihil
899 1842 979 1886 ex
1043 1819 1234 1886 domo
1302 1841 1419 1888 sua
1482 1820 1754 1887 mortale
1818 1842 1955 1888 esse
2019 1821 2291 1888 sentiat!

229 1913 556 1980 rectorem¹
593 1909 888 1976 Romano
944 1910 1218 1995 imperio
1274 1910 1485 1975 filium
1538 1912 1738 1997 longa
1792 1911 1921 1978 fide
1968 1912 2294 1997 approbet
2330 1932 2383 1973 ω
2505 1959 2506 1986 ³

229 2003 296 2064 et
340 2002 491 2065 ante
535 1999 700 2065 illud
743 2003 1108 2067 consortem
1143 1999 1359 2084 patris
1406 2021 1601 2083 quam
1642 2020 2079 2067 successorem
2116 1999 2293 2088 aspi-

229 2088 384 2156 ciat!
477 2111 620 2154 sera
675 2093 738 2154 et
792 2088 1142 2174 nepotibus
1198 2087 1466 2153 demum·
1504 2089 1744 2156 nostris
1793 2090 1928 2157 dies
1974 2093 2133 2171 nota
2180 2090 2295 2177 sit,

231 2201 358 2264 qua
401 2178 590 2244 illum
639 2201 796 2266 gens
843 2201 960 2246 sua
1004 2179 1183 2245 caelo
1231 2179 1499 2245 asserat!

409 2441 446 2496 2
495 2443 856 2513 praesidente
898 2443 1176 2514 Erasmus
1223 2451 1276 2500 et
1310 2446 1367 2500 Β
1411 2463 1481 2500 m.
1518 2448 1558 2499 2
1604 2446 1669 2500 in
1712 2445 1888 2517 marg.
1938 2446 2205 2515 praeside
2244 2448 2301 2504 G

229 2513 478 2582 presidie
499 2515 562 2569 Ε
589 2514 596 2587 Ι
631 2532 744 2570 non
761 2515 888 2570 DE
911 2531 1015 2570 nec
1033 2515 1224 2570 BHG
1249 2515 1270 2589 ΙΙ
1296 2515 1333 2570 3
1359 2515 1627 2585 praesidi,
1648 2516 1826 2571 solaci
1842 2518 2044 2586 scripsi
2070 2517 2297 2586 presidi

230 2585 423 2640 solatii
461 2586 509 2642 G
553 2587 650 2642 sed
694 2588 835 2641 satis
881 2593 1008 2643 ante
1054 2586 1248 2642 solatii
1294 2589 1423 2643 add.
1461 2589 1527 2643 in
1551 2589 1609 2643 Β
1644 2607 1714 2644 m.
1742 2593 1782 2645 2
1823 2591 1889 2644 in
1928 2606 2101 2660 mary.
2141 2591 2299 2660 quod

227 2658 384 2728 volgo
409 2659 686 2728 recipitwr
710 2658 732 2732 ΙΙ
766 2659 803 2712 5
831 2658 1015 2730 dirige
1042 2660 1090 2716 0
1123 2659 1369 2729 dirigere
1394 2660 1457 2715 D
1484 2676 1622 2716 corr.
1655 2660 1821 2716 Gertz
1844 2659 1867 2733 Η
1900 2659 1939 2714 6
1965 2661 2213 2716 numinis
2246 2663 2303 2719 0

233 2729 498 2784 minimus
539 2729 592 2784 G
637 2736 688 2785 et
731 2736 796 2785 ut
834 2730 946 2785 vid.
986 2731 1056 2784 H
1091 2729 1325 2785 luminis
1365 2731 1571 2787 Gruter
1606 2738 1660 2787 et
1694 2733 1929 2802 Lipsius
1976 2732 1985 2804 Ι
2048 2731 2121 2788 18
2168 2732 2299 2788 iam

229 2799 412 2854 multa
439 2801 716 2856 Schultess
750 2817 864 2857 non
891 2800 1074 2856 multa
1107 2802 1154 2856 Ο
1188 2801 1373 2856 multa
1393 2802 1588 2858 Haase
1612 2803 1835 2858 monita
1859 2802 1981 2858 mul
2074 2804 2248 2860 Gertz
2275 2805 2303 2878 ΙΙ

231 2870 298 2927 17
338 2871 422 2925 dii
449 2872 578 2926 BH
625 2872 632 2944 Ι
683 2879 811 2942 post
859 2871 1077 2942 deeque
1117 2873 1175 2928 Β
1219 2875 1286 2928 in
1324 2890 1499 2944 mara.
1539 2890 1733 2928 omnes
1768 2875 1955 2943 habet,
1991 2881 2058 2931 ut
2089 2876 2234 2947 woly.
2286 2881 2298 2950 Ι

231 2941 590 2998 commodent
623 2960 772 2998 unus
811 2942 1042 3000 Gruteri
1075 2950 1128 3000 et
1154 2945 1210 3000 Β
1246 2949 1289 3000 2
1322 2962 1391 2999 m.
1432 2944 1829 3001 commendent
1863 2947 1914 3003 0
1951 2947 1959 3019 Ι
2010 2948 2145 3001 acta
2183 2989 2196 3002 .
2230 2991 2245 3002 .
2284 2993 2299 3004 .

227 3013 425 3068 uincat
470 3014 626 3069 codd.
673 3015 900 3070 Gruteri
944 3021 995 3070 et
1039 3017 1115 3071 N.
1147 3015 1333 3071 Fabri
1382 3017 1513 3071 acta
1558 3018 1652 3072 hic
1700 3017 1824 3072 diui
1868 3018 2137 3089 augustie
2178 3036 2303 3089 que

229 3087 349 3139 tam
399 3101 502 3139 nos
551 3084 751 3140 uincat
792 3088 849 3142 Β
899 3087 1152 3171 (augusti
1201 3086 1411 3157 aequet
1463 3086 1640 3144 annos
1690 3107 1759 3145 m.
1798 3093 1837 3145 2
1880 3093 1945 3146 in
1988 3092 2189 3162 man-9.)
2244 3099 2306 3148 et

229 3156 414 3210 eadem
449 3157 565 3223 fere
593 3158 664 3210 H
671 3157 791 3212 GV
817 3159 876 3212 et
903 3157 1118 3214 facient
1142 3160 1210 3214 ut
1226 3159 1289 3213 D
1327 3161 1387 3214 et
1412 3158 1593 3215 faciat
1618 3162 1685 3215 ut
1704 3162 1766 3217 Ε
1796 3161 1819 3235 ΙΙ
1852 3160 1927 3217 20
1952 3161 2213 3217 Romano
2234 3164 2305 3218 B

229 3225 477 3280 humano
508 3227 556 3283 0
585 3226 606 3298 ΙΙ
641 3225 711 3280 2-1
741 3227 887 3281 illud
913 3229 1186 3285 Schultess
1221 3229 1386 3285 illum
1418 3233 1465 3288 Ο
1496 3231 1505 3304 Ι
1538 3232 1785 3302 aspiciat
1811 3234 1869 3289 Β
1883 3235 1938 3290 V
1964 3233 2217 3304 accipiat
2250 3235 2310 3291 G

232 3293 394 3348 illum
426 3337 437 3348 .
471 3339 481 3350 .
515 3339 526 3350 .
558 3298 903 3366 aspiciamus
934 3300 1100 3355 Gertz
1134 3300 1299 3355 illum
1329 3344 1341 3357 .
1374 3343 1387 3356 .
1419 3344 1431 3357 .
1464 3303 1715 3372 accipiat
1740 3305 1880 3376 voly.
1923 3304 1931 3375 Ι
1956 3304 2029 3360 22
2057 3305 2301 3360 demum

230 3382 378 3419 unus
419 3365 648 3434 Gruter-i
683 3375 736 3423 et
768 3371 906 3438 voly.
945 3370 1152 3426 deinde
1189 3372 1365 3443 (dein)
1408 3375 1455 3430 Ο
1497 3374 1519 3447 ΙΙ
1567 3374 1640 3429 23
1686 3392 1803 3446 qua
1836 3393 1905 3432 vo
1925 3394 1977 3448 9.
2016 3393 2192 3446 quam
2232 3378 2304 3433 Β

237 3450 428 3502 quam.
446 3435 493 3492 Ο
515 3453 696 3517 ι(ῃιοιῑι
737 3438 900 3495 Gertz
941 3439 948 3513 Ι
994 3444 1212 3498 asserat
1239 3445 1301 3499 Β
1334 3443 1539 3500 afferat
1577 3447 1624 3502 0
