2544 3746
793 29 890 84 DE
927 28 1055 83 IRA
1093 29 1226 84 LIB.
1257 28 1349 84 111.
1420 28 1573 85 OAP.
1605 34 1637 85 3
2108 35 2231 100 111

193 180 460 242 conatus
508 197 777 263 magnos
824 175 1083 261 pigrum
1129 175 1530 260 inertemque
1576 176 1733 241 fieri.
1804 176 2234 247 necessarium
2272 194 2305 243 2

192 268 290 331 est
352 266 572 349 itaque
635 266 1010 332 foeditatem
1071 264 1207 331 eius
1268 286 1345 330 ac
1401 265 1723 330 feritatem
1780 286 2124 352 coarguere
2171 269 2235 331 et

191 358 340 419 ante
395 354 619 420 oculos
674 376 912 440 ponere
959 352 1275 440 quantum
1314 354 1589 419 monstri
1635 354 1721 419 sit
1763 354 1960 420 1101110
2007 354 2077 419 111
2120 354 2236 421 ho-

190 443 429 509 minem
475 444 693 509 furens
732 447 1103 529 quantoque
1143 443 1395 528 impetu
1427 448 1576 509 ruat
1610 465 1746 509 non
1781 444 1918 509 sine
1954 444 2235 547 pernicie

127 551 152 593 ⁵
189 554 308 598 sua
351 532 751 617 perniciosus
798 536 863 599 et
907 555 983 600 ea
1027 533 1416 618 deprimens,
1464 554 1627 616 quae
1673 534 1879 620 mergi
1922 533 2048 599 nisi
2086 555 2235 600 cum

189 626 519 709 mergente
563 644 698 687 non
742 626 1032 725 possunt.
1124 622 1281 706 quid
1337 621 1536 709 ergo?
1625 642 1853 687 sanum
1903 622 2078 688 hunc
2124 623 2236 687 ali-
2272 640 2307 689 3

190 712 336 796 quis
391 715 608 795 vocat,
663 712 776 798 qui
821 713 999 778 velut
1041 715 1425 796 tempestate
1472 715 1803 797 correptus
1847 733 1983 777 non
2025 710 2078 775 it
2124 711 2235 777 sed

189 802 407 888 agitur
469 804 535 867 et
596 800 838 867 furenti
900 801 1071 866 malo
1133 800 1359 884 servit,
1419 821 1541 867 nec
1599 800 1861 867 mandat
1918 800 2235 867 ultionem

189 912 403 974 suam,
467 890 579 957 sed
641 892 781 975 ipse
845 889 981 956 eius
1047 894 1308 957 exactor
1370 889 1611 961 animo,
1651 890 1844 956 simul
1904 910 1979 955 ac
2040 912 2237 955 manu

96 1001 150 1042 10
188 980 395 1045 saevit
431 980 910 1047 carissimorum
946 1000 1301 1066 'eorumque
1330 1000 1494 1063 quae
1521 1000 1677 1044 mox
1704 978 1940 1046 amissa
1966 978 2235 1045 fleturus

188 1074 287 1135 est
333 1069 664 1136 carnifex?
751 1070 926 1137 hunc
976 1070 1210 1155 aliquis
1257 1070 1559 1136 affectum
1604 1068 1832 1134 virtuti
1876 1068 2235 1134 adiutorem
2273 1086 2308 1135 4

189 1159 620 1243 comitemque
668 1159 777 1223 dat
821 1160 1118 1243 consilia,
1163 1159 1302 1225 sine
1340 1158 1573 1244 quibus
1609 1157 1815 1224 virtus
1850 1157 2018 1223 nihil
2054 1158 2238 1245 gerit,

189 1246 688 1313 obturbantem?
791 1248 1066 1314 caducae
1125 1248 1549 1333 sinistraeque
1610 1250 1761 1313 sunt
1816 1247 1983 1313 vires
2045 1251 2109 1312 et
2168 1247 2238 1311 in

188 1338 436 1403 malum
496 1358 684 1403 suum
744 1337 1021 1423 validae,
1079 1337 1149 1401 in
1196 1358 1356 1422 quas
1403 1359 1670 1423 aegrum
1716 1337 1979 1403 morbus
2026 1340 2091 1401 et
2136 1357 2236 1402 ac·
2316 1415 2319 1419 .

95 1446 149 1489 16
189 1426 398 1493 666610
444 1424 659 1494 erexit.
738 1449 874 1493 non
919 1431 1017 1493 est
1061 1446 1214 1513 ergo
1263 1426 1438 1512 quod
1483 1447 1588 1491 me
1633 1430 1819 1511 putes
1866 1429 2121 1510 tempus
2168 1426 2237 1489 in
2270 1440 2307 1492 5

189 1518 605 1602 supervacuis
662 1537 1085 1601 consumere‚.
1116 1516 1290 1600 quod
1335 1517 1527 1599 iram,
1572 1516 1757 1599 quasi
1802 1514 2033 1580 dubiae
2078 1518 2237 1599 aput

187 1605 488 1671 homines
555 1606 878 1690 opinionis
944 1606 1058 1689 sit,
1120 1606 1459 1689 infamem,
1520 1626 1669 1671 cum
1734 1602 1819 1670 sit
1878 1603 2112 1689 aliquis
2173 1606 2238 1669 et

192 1693 456 1779 quidem
524 1695 602 1760 de
675 1694 1053 1759 inlustribus
1125 1694 1565 1780 philosophis,
1638 1694 1750 1778 qui
1822 1693 1922 1759 illi
1994 1692 2239 1758 indicat

193 1804 422 1886 operas
470 1786 535 1849 et
578 1787 910 1888 tamquam
955 1784 1183 1848 utilem
1227 1806 1303 1849 ac
1340 1784 1604 1868 spiritus
1642 1783 2236 1847 subministrantem

97 1895 153 1935 20
193 1875 262 1939 in
325 1875 599 1960 proelia,
661 1875 731 1939 in
793 1876 974 1940 actus
1036 1895 1280 1956 rerum,
1346 1871 1427 1938 ad
1496 1894 1712 1956 omne,
1785 1870 2237 1956 quodcumque

193 1965 410 2030 calore
474 1964 690 2048 aliquo
757 1962 1104 2051 gerendum
1170 1966 1294 2046 est,
1356 1965 1560 2028 vocet.
1659 1983 1741 2026 ne
1802 1983 1994 2046 quem
2052 1960 2307 2026 fallate

192 2058 528 2138 tamquam
575 2054 792 2138 aliquo
828 2055 1145 2154 tempore,
1184 2052 1403 2136 aliquo
1440 2052 1587 2118 loco
1625 2050 1993 2136 profutura,
2029 2053 2238 2116 osten·

193 2142 404 2208 denda
463 2147 560 2208 est
617 2144 825 2208 rabies
886 2143 1021 2208 eius
1069 2141 1377 2207 effrenata
1421 2145 1486 2206 et
1532 2140 1823 2205 adtonita
1868 2142 2238 2224 apparatus-

194 2254 320 2317 que
395 2233 492 2297 illi
563 2232 922 2298 reddendus
996 2234 1094 2297 est
1165 2250 1346 2314 suus,
1420 2229 1623 2295 eculei
1686 2232 1750 2293 et
1812 2228 2109 2294 fidiculae
2174 2231 2238 2293 et

99 2339 152 2380 25
192 2322 520 2421 ergastula
577 2325 642 2388 et
701 2343 919 2386 cruces
981 2325 1044 2386 et
1103 2318 1480 2387 circumdati
1534 2316 1804 2384 defossis
1859 2317 2259 2402 corporibuu',

193 2410 380 2496 ignes
435 2415 499 2476 et
553 2411 862 2476 cadavera
907 2431 1164 2511 quoque
1213 2409 1475 2475 trahens
1520 2428 1754 2493 uncus,
1797 2407 1977 2473 varia
2019 2407 2238 2472 vincu-

191 2499 407 2564 lorum
467 2521 732 2585 genera,
789 2500 966 2565 varia
1017 2521 1403 2584 poenarum,
1454 2498 1875 2564 lacerationes
1920 2496 2237 2560 membro·

193 2610 368 2672 rum,
446 2589 896 2675 inscriptiones
978 2588 1210 2654 frontis
1287 2593 1352 2654 et
1423 2588 1773 2652 bestiarum
1857 2585 2235 2650 immanium

195 2700 451 2744 caveae·
534 2679 701 2744 inter
757 2678 918 2744 haec
976 2678 1406 2743 instrumenta
1457 2677 1811 2742 collocetur
1869 2673 1965 2740 ira
2025 2673 2234 2739 dirum

101 2787 156 2828 ³0
196 2769 504 2852 quiddam
569 2772 761 2851 atque
819 2767 1153 2834 horridum
1213 2766 1519 2850 stridens,
1563 2765 1863 2830 omnibus
1909 2786 2024 2849 per
2074 2785 2235 2848 quae

194 2857 356 2922 furit
401 2858 683 2923 taetrior.

376 3048 408 3103 1
440 3050 791 3120 inertemque
815 3050 870 3105 L
902 3055 954 3105 et
982 3049 1119 3120 voly.
1150 3049 1534 3116 inermemque
1561 3050 1649 3115 A;
1676 3063 1753 3103 an
1780 3044 2191 3115 enervemque?
2217 3045 2240 3119 ΙΙ

195 3119 232 3176 8
267 3123 327 3176 61
362 3119 576 3176 furenti
612 3122 668 3177 L
705 3129 758 3178 et
789 3121 927 3192 volq.
967 3119 1230 3176 effluenti
1256 3123 1314 3176 A
1348 3119 1369 3192 ΙΙ
1404 3119 1440 3174 9
1475 3118 1834 3203 manullseuit
1859 3119 1917 3174 A
1944 3119 2117 3200 (eras.
2135 3118 2183 3186 s)
2218 3125 2241 3180 n

196 3191 269 3248 18
313 3192 692 3260 sinistraeque
736 3194 869 3248 sunt
910 3191 1061 3245 uires
1099 3193 1158 3245 et
1192 3193 1248 3247 L
1283 3198 1348 3247 ut
1380 3191 1516 3261 volq
1558 3190 1848 3314 sinim-qm
1894 3189 2027 3243 sunt
2062 3187 2239 3242 uires·

198 3265 330 3319 sunt
357 3263 406 3318 81
433 3261 516 3320 A¹
543 3262 812 3336 sinisti-eq
811 3278 883 3318 ue
908 3263 1059 3317 uires
1086 3265 1220 3316 sunt
1249 3263 1295 3317 81
1322 3261 1407 3318 A⁶
1430 3262 1452 3334 Η
1477 3260 1551 3317 24
1576 3261 1765 3315 fiducu
1787 3275 1819 3333 6
1848 3261 1905 3315 A
1929 3257 2048 3332 {180
2066 3257 2237 3332 [satq-

191 3333 523 3463 llorriduhA
571 3335 722 3476 (111()1;
761 3337 824 3391 in
858 3351 969 3392 ras.
1010 3335 1248 3401 Μαίονος
1293 3351 1361 3391 ex
1396 3331 1481 3389 A²
1494 3335 1787 3402 “emptura
1832 3332 1966 3388 haec
2004 3335 2239 3387 restam:

201 3420 236 3459 a
291 3425 329 3476 q
473 3425 588 3464 orn
591 3405 667 3459 du
