2544 3746
1049 87 1465 144 PRAEFATIO
2207 87 2285 142 IX

240 243 352 301 aut
385 240 568 300 verba
605 241 901 317 quaedam
937 240 1015 300 ad
1051 239 1512 319 grammaticam
1548 241 1657 299 aut
1691 238 1771 298 ad
1813 240 1909 300 ius
1946 239 2285 299 Romanum

237 329 608 408 pertinentia.
677 331 1070 406 explicarent,
1142 330 1243 390 hic
1314 347 1775 390 commemorare
1850 329 1999 389 satis
2074 328 2285 404 habeo,

241 420 465 498 quippe
524 437 678 496 quas
735 419 800 478 in
859 421 1358 480 commentarium
1414 418 1678 495 recipere
1732 418 2029 478 noluerim
2075 417 2287 478 auxilii

241 508 320 568 ad
379 508 636 570 Senecae
697 507 881 568 verba
939 506 1313 569 emendanda
1364 509 1519 567 nihil
1576 508 1908 568 afferentes».
1998 506 2103 567 sed
2146 525 2284 567 cum

237 617 314 658 ne
376 599 525 658 haec
589 597 831 675 quidem
891 616 1106 658 manus
1170 598 1349 658 certis
1411 597 1639 674 ubique
1702 595 1942 656 indiciis
2001 615 2040 656 a
2100 615 2285 656 manu

237 687 438 764 prima
496 689 560 747 et
617 687 880 747 secunda
939 687 1236 766 distingui
1294 687 1514 764 possit,
1576 684 1779 762 Gertz,
1833 685 1937 744 ubi
1989 685 2285 745 incertum

237 779 390 897 erat,
435 796 592 896 quaes»
635 795 854 947 n)1anus
900 777 1281 856 agnoscenda
1326 779 1502 851 esset,
1547 775 1735 854 signis
1781 793 1927 835 usus
1973 776 2066 835 est
2108 767 2286 848 21¹⁴,

235 864 299 924 A
335 859 454 946 (?),
498 865 559 924 A
597 863 659 946 (P
693 911 708 926 .

421 952 652 1024 Quarta
710 955 923 1015 deinde
979 973 1198 1014 manus
1255 947 1401 1036 (A4)
1458 951 1722 1015 breviter
1773 954 1873 1013 hic
1931 971 2285 1012 commemo·
2323 951 2405 1006 A*

235 1043 437 1103 randa
499 1047 617 1122 est,
681 1062 838 1120 quae
901 1045 1202 1121 scriptura
1264 1043 1462 1103 nitida
1524 1046 1587 1103 et
1650 1042 1728 1103 ad
1800 1040 2285 1122 Langobardicas

233 1133 464 1193 formas
511 1132 828 1193 accedente
862 1135 1074 1209 paucis
1112 1133 1260 1194 locis
1298 1132 1437 1191 inde
1476 1152 1513 1193 a
1550 1131 1791 1210 dialogo
1828 1131 1892 1190 H
1928 1132 2287 1210 argumenta

234 1222 540 1300 quaedam
603 1225 664 1282 et
727 1221 955 1282 scholia
1019 1221 1359 1300 adscripsit.
1467 1241 1590 1281 non
1653 1223 1814 1281 enim
1878 1220 2062 1300 digna
2123 1219 2287 1281 vide·

233 1311 466 1372 bantur
511 1331 668 1389 quae
712 1311 779 1370 in
825 1313 1127 1389 apparatu
1173 1311 1381 1371 critico
1428 1304 1785 1372 exhiberem.

422 1399 540 1460 Sed
585 1420 720 1461 cum
765 1419 958 1477 usque
1005 1401 1084 1461 ad
1127 1401 1194 1460 id
1237 1402 1498 1476 tempus,
1543 1401 1599 1460 si
1641 1417 1865 1476 paucas
1911 1390 2001 1458 Α*
2043 1416 2287 1464 rasuras

235 1489 566 1568 exceperiS,
623 1490 807 1550 codex
860 1491 1128 1550 modeste
1186 1509 1223 1549 a
1279 1488 1709 1550 correctoribus
1768 1491 2065 1549 tractatus
2114 1489 2291 1562 esset,

237 1579 481 1640 saeculo
536 1578 680 1638 XIV
726 1581 838 1640 aut
880 1579 992 1637 XV
1047 1599 1086 1640 a
1139 1598 1327 1639 manu
1386 1580 1604 1655 quinta
1659 1577 1887 1639 rasuris
1944 1577 2288 1638 foedissime
2325 1575 2407 1629 Αὅ

235 1671 549 1729 vastatus.
576 1671 683 1728 est.
777 1671 960 1745 atque
1018 1672 1092 1729 ut
1136 1688 1175 1728 a
1218 1667 1547 1728 levioribus
1591 1668 1906 1744 incipiam,
1960 1669 2025 1726 in
2085 1667 2287 1727 ortho-

237 1757 496 1837 graphia
539 1758 640 1817 hic
685 1759 983 1818 corrector
1025 1758 1332 1835 permulta
1366 1759 1620 1818 novavit
1655 1757 1956 1834 scriptura
2001 1755 2286 1815 nimirum

239 1847 320 1907 ad
364 1865 510 1908 suae
558 1847 778 1907 aetatis
822 1865 1004 1907 usum
1048 1847 1525 1922 accommodatas
1570 1846 1662 1907 ita
1699 1863 1770 1907 ae
1804 1846 1905 1907 vel
1942 1862 1971 1926 ς
2014 1845 2080 1904 in
2118 1862 2173 1916 e,
2210 1861 2287 1905 uo

237 1936 303 1996 in
347 1937 566 2006 voltus,
619 1938 832 1997 volam-s·
875 1938 942 1996 in
984 1956 1071 1997 uu
1115 1956 1352 2014 semper
1405 1936 1529 1996 fere
1574 1937 1837 1996 mutavit
1890 1938 1952 1995 et
1998 1934 2287 2012 antiquae

106 2090 112 2097 ,
239 2026 578 2104 scripturae
629 2025 921 2103 reliquias
974 2029 1040 2087 in
1096 2026 1479 2101 apscondere,
1541 2029 1898 2095 aestumare,
1936 2041 2286 2098 proxumus,

235 2115 496 2191 necleyo,
551 2119 722 2188 aput,
778 2116 1061 2189 optinere,
1119 2116 1347 2175 cottidie
1400 2115 1531 2175 sim.
1580 2114 1903 2194 diligenter
1950 2116 2015 2175 et
2063 2112 2287 2191 ubique

235 2222 490 2265 rasurae
549 2223 661 2281 ope
723 2204 975 2281 expulit.
1064 2204 1226 2264 idem
1293 2204 1623 2265 innumeris
1687 2204 1864 2278 locis,
1937 2202 2161 2281 quibus
2222 2202 2287 2261 in

236 2293 438 2354 verbis
528 2292 987 2371 nominibusque
1079 2314 1216 2354 cum
1303 2293 1851 2371 praepositionibus
1939 2292 2287 2370 compositis

234 2383 459 2443 ultima
512 2382 980 2459 praepositionis
1034 2402 1368 2444 consonans
1423 2383 1704 2460 sequenti
1756 2382 2113 2443 consonanti
2164 2399 2287 2440 non

237 2471 588 2532 adsimilata
623 2474 774 2547 erat,
809 2472 1038 2532 rasuris
1074 2490 1221 2533 usus
1259 2471 1639 2533 assimilavit.
1712 2472 2030 2532 sescenties
2073 2469 2286 2529 deinde

237 2580 312 2620 ea
361 2579 514 2637 quae
558 2554 648 2621 Αι
691 2562 850 2621 recte
898 2560 1166 2638 quidem,
1211 2561 1320 2621 sed
1362 2560 1453 2620 ita
1500 2564 1875 2637 exaraverat,
1935 2562 2006 2620 ut
2050 2559 2287 2639 singula

237 2648 426 2711 verba
489 2650 899 2726 cohaererent,
963 2651 1284 2711 continuae
1358 2650 1691 2727 scripturae
1762 2651 2089 2727 impatiens
2162 2649 2286 2708 suis

238 2737 476 2799 artibus
519 2739 783 2800 variavit
826 2758 895 2800 ac
938 2759 1014 2799 ne
1060 2738 1146 2799 eis
1201 2737 1443 2816 quidem
1487 2740 1637 2800 locis
1698 2760 1736 2799 a
1778 2758 1993 2800 rasura
2018 2746 2287 2798 ‘manum

239 2827 556 2905 abstinuit,
598 2828 706 2887 ubi
747 2830 873 2889 iam
916 2830 1053 2907 ipsa
1095 2847 1311 2889 manus
1355 2829 1553 2907 prima
1603 2830 1711 2889 aut
1755 2828 2019 2890 secunda
2062 2828 2286 2888 leniore

235 2916 533 2994 remedio,
586 2918 823 2979 lineolis
867 2918 1182 2995 uncisque,
1229 2918 1470 2979 litteras
1522 2918 1589 2977 in
1632 2918 1817 2981 verba
1862 2918 2284 2995 dispescuerat.

237 3005 348 3067 sed
391 3024 516 3066 non
561 3007 758 3066 solum
802 3026 901 3084 ea,
956 3026 1110 3084 quae
1153 3026 1347 3084 prava
1401 3026 1529 3068 esse
1574 3006 1690 3067 sibi
1732 3009 2143 3085 persuaserat,
2196 3008 2287 3067 ita

237 3095 518 3171 correxit,
553 3094 659 3155 sed
693 3096 876 3156 etiam
905 3096 1395 3175 compendiorum
1420 3096 1847 3158 avidissimus
1827 3118 1892 3158 m
1920 3115 2287 3175 unaquaque

235 3186 469 3265 pagina
495 3184 771 3264 singulas
789 3185 1052 3263 syllabas
1073 3204 1387 3289 vocesque,
1413 3187 1579 3246 haud
1604 3206 1743 3263 raro
1772 3188 1957 3247 etiam
1976 3186 2286 3264 complura

237 3274 424 3335 verba
484 3273 697 3350 erasit,
755 3274 986 3337 scilicet
1041 3277 1114 3335 ut
1164 3276 1230 3335 in
1288 3275 1538 3336 lacunas
1585 3295 1828 3353 prorsus
1874 3276 2084 3336 eadem
2130 3296 2284 3353 quae

239 3366 535 3440 eraserat,
596 3318 704 3424 sed
763 3364 885 3426 alio
948 3364 1153 3442 modo,
1217 3364 1585 3442 compendiis
1647 3366 1933 3431 nimirum
1997 3364 2284 3425 adhibitis
2298 3380 2313 3399 ⁸

240 3455 495 3532 scripta,
547 3452 872 3516 infulciret.
961 3455 1120 3514 hunc
1175 3456 1568 3515 correctorem
1628 3454 1744 3516 sibi
1786 3457 2117 3531 temperare
2162 3471 2285 3513 non
