2544 3746
250 55 380 121 322
635 50 698 106 L.
728 50 1014 105 ANNAEI
1049 44 1379 107 SENECAE
1416 48 1606 103 DIAL
1638 49 1773 105 LIB.
1801 48 1895 104 XI.

252 202 372 281 est,
433 219 582 264 cum
635 196 717 263 ad
771 196 1119 277 utilitatem
1173 195 1465 299 respicit,
1524 218 1561 260 a
1614 194 1853 279 pietate
1914 194 2293 279 desciscere;

249 287 416 352 nihil
460 290 676 351 autem
721 286 936 351 minus
981 285 1152 351 bono
1199 285 1341 351 viro
1388 284 1688 351 convenit
1734 306 1927 369 quam
1972 284 2043 349 in
2075 284 2292 350 fratris

251 378 434 443 luctu
481 375 760 441 calculos
808 396 1060 461 ponere.
1156 374 1212 441 si
1256 374 1433 440 illius
1478 374 1741 440 nomine
1778 372 1963 439 doleo
1974 423 1994 458 ,
2035 394 2295 440 necesse

253 468 350 531 est
413 465 794 531 alterutrum
854 486 934 531 ex
990 464 1092 531 his
1152 462 1404 530 duobus
1464 486 1601 530 esse
1661 462 1965 529 iudicem.
2026 485 2179 528 nam
2238 463 2297 529 si

251 555 471 634 nullus
527 553 848 621 defunctis
903 575 1126 621 sensus
1184 555 1504 657 superest,
1566 552 1769 619 evasit
1826 552 2045 619 omnia
2095 552 2298 617 frater
2369 573 2400 616 z

253 666 432 711 meus
477 644 650 709 vitae
694 642 1102 710 incommoda
1147 647 1213 708 et
1256 643 1327 708 in
1372 665 1519 708 eum
1553 642 1890 708 restitutus
1929 644 2026 707 est
2058 642 2299 726 locum,

254 734 324 799 in
379 754 508 817 quo
564 732 774 798 fuerat
829 735 1174 817 antequam
1225 734 1623 815 nasceretur,
1681 735 1746 797 et
1800 753 2028 816 expers
2084 731 2299 797 omnis

255 822 414 887 mali
465 820 666 887 nihil
685 822 901 905 timet,
951 820 1117 887 nihil
1172 822 1379 907 cupit,
1432 820 1601 887 nihil
1652 820 1925 905 patitur.
1982 820 2124 907 quis
2170 820 2299 887 iste

255 912 438 977 furor
495 914 592 977 est
651 933 770 997 pro
832 933 908 977 eo
968 933 1072 977 me
1126 933 1485 997 numquam
1540 910 1757 977 dolere
1812 909 2123 995 desinere,
2184 909 2304 995 qui

254 1022 609 1086 numquam
647 1000 963 1067 doliturus
1000 999 1140 1067 est?
1210 1000 1269 1066 si
1304 1005 1403 1067 est
1439 1000 1671 1085 aliquis
1710 999 2027 1067 defunctis
2056 1020 2307 1083 sensus,
2345 1022 2407 1062 ιο

256 1110 430 1156 nune
503 1090 755 1156 animus
828 1090 1044 1156 fratris
1119 1090 1246 1155 mei
1318 1090 1499 1155 velut
1569 1112 1651 1155 ex
1722 1088 1974 1155 diutino
2036 1099 2304 1155 carcere

259 1179 558 1263 emissuS,
609 1178 870 1245 tandem
925 1178 1027 1259 sui
1081 1179 1238 1245 iuris
1295 1182 1361 1245 et
1404 1177 1680 1263 arbitrii,
1736 1178 1932 1266 gestit
1977 1180 2041 1244 et
2082 1200 2305 1243 rerum

257 1271 522 1333 naturae
579 1269 946 1354 spectaculo
1001 1267 1240 1334 fruitur
1293 1272 1359 1333 et
1409 1269 1693 1333 humana
1748 1268 1967 1333 omnia
2020 1290 2100 1333 ex
2148 1268 2305 1335 loco

259 1357 586 1442 superiore
631 1358 932 1444 despicit,
986 1357 1204 1423 divina
1247 1379 1429 1461 vero,
1483 1379 1759 1442 quorum
1804 1358 2119 1423 rationem
2163 1360 2305 1422 tam

259 1446 374 1512 diu
425 1446 666 1513 frustra
721 1448 1108 1531 quaesierat,
1160 1448 1430 1533 propius
1484 1448 1785 1513 intuetur.
1880 1445 2036 1531 quid
2082 1447 2308 1530 itaque
2346 1468 2409 1510 ιε

260 1536 401 1601 eius
443 1534 755 1602 desiderio
803 1558 1118 1620 maceror,
1164 1536 1276 1621 qui
1322 1540 1433 1603 aut
1476 1536 1701 1602 beatus
1748 1540 1861 1601 aut
1903 1536 2122 1602 nullus
2160 1534 2310 1600 est?

261 1625 546 1689 beatum
585 1624 815 1690 deflere
879 1626 1123 1691 invidia
1187 1630 1310 1709 est,
1372 1626 1625 1691 nullum
1682 1624 2043 1691 dementia?
2134 1622 2309 1710 [28]

261 1736 346 1779 an
407 1714 532 1779 hoc
595 1718 660 1779 te
724 1704 970 1798 movet,
1034 1714 1209 1799 quod
1272 1714 1527 1779 videtur
1588 1713 1958 1801 ingentibus
2022 1718 2087 1779 et
2150 1734 2309 1779 cum

263 1803 539 1868 maxime
596 1803 1000 1871 circumfusis
1055 1803 1243 1870 bonis
1302 1803 1625 1870 caruisse?
1715 1825 1863 1870 cum
1917 1802 2311 1890 cogitaveris

264 1893 470 1957 multa
515 1914 681 1976 esse,
728 1914 892 1977 quae
927 1893 1235 1979 perdidit,
1281 1895 1497 1981 cogita
1530 1895 1721 1979 plura
1757 1915 1919 1978 esse,
1968 1915 2133 1979 quae
2167 1915 2313 1958 non
2350 1914 2413 1956 ιο
2519 1941 2520 1964 ;

263 1981 472 2047 timet:
516 2003 650 2047 non
677 1981 781 2047 ira
817 2005 964 2048 eum
999 1984 1353 2069 torquebit,
1387 2006 1522 2050 non
1556 1983 1821 2050 morbus
1858 1981 2133 2068 affliget,
2168 2005 2314 2048 non
2519 1981 2520 1988 '

269 2070 547 2156 suspicio
601 2072 899 2156 lacesset,
952 2094 1086 2138 non
1139 2072 1301 2138 edax
1357 2077 1422 2138 et
1474 2071 1735 2138 inimica
1780 2093 2033 2157 semper
2076 2070 2313 2137 alienis

263 2160 670 2254 processibus
733 2122 976 2226 invidia
1039 2161 1539 2246 consectabitur,
1600 2183 1735 2227 non
1797 2165 2005 2229 metus
2060 2160 2315 2228 sollici·

263 2245 454 2333 tabit,
523 2271 657 2315 non
727 2250 956 2316 levitas
1028 2252 1325 2317 fortunae
1398 2251 1527 2317 cito
1591 2273 1857 2317 munera
1920 2272 2037 2316 sua
2097 2253 2316 2316 trans-

264 2338 527 2403 ferentis
586 2338 988 2422 inquietabit.
1082 2340 1137 2406 si
1195 2341 1358 2406 bene
1417 2343 1779 2426 computes,
1845 2340 1992 2424 plus
2052 2339 2155 2404 illi
2209 2361 2315 2406 re·
2354 2363 2421 2406 25

203 2437 209 2441 '
266 2427 534 2493 missum
591 2448 784 2511 quam
840 2425 1132 2515 ereptum
1179 2432 1292 2496 est.
1382 2451 1517 2496 non
1563 2429 1797 2514 opibus
1842 2429 2119 2514 fruetur,
2172 2451 2317 2495 non

263 2521 377 2581 tua
431 2516 625 2582 simul
677 2538 753 2583 ac
809 2540 924 2604 sua
977 2519 1212 2605 gratia3
1264 2541 1400 2585 non
1452 2517 1725 2605 accipiet
1778 2519 2119 2602 beneficia,
2171 2540 2319 2585 non

265 2605 471 2671 dabit:
543 2605 846 2672 miserum
896 2611 1115 2693 putas,
1167 2609 1340 2692 quod
1402 2608 1529 2674 ista
1582 2608 1829 2692 amisit,
1888 2629 1975 2673 an
2024 2607 2319 2692 beatum,

268 2693 442 2778 quod
498 2717 632 2761 non
691 2695 1050 2764 desiderat?
1139 2697 1301 2764 mihi
1358 2697 1567 2782 crede,
1627 2698 1683 2762 is
1727 2697 1977 2763 beatior
2020 2700 2144 2781 est,
2198 2697 2320 2763 cui

263 2783 526 2850 fortuna
569 2806 966 2869 supervacua
1011 2789 1131 2869 est,
1180 2808 1374 2871 quam
1417 2787 1501 2871 is,
1548 2785 1655 2852 cui
1697 2791 1923 2871 parata
1964 2789 2079 2852 est.
2171 2807 2319 2851 om·
2362 2811 2426 2851 ao

265 2871 390 2938 nia·
419 2872 544 2939 ista
587 2873 785 2958 bona,
841 2896 1003 2959 quae
1045 2896 1167 2941 nos
1213 2877 1506 2960 speciosa
1550 2875 1663 2941 sed
1708 2874 1925 2941 fallaci
1969 2875 2321 2960 voluptate

267 2961 613 3047 delectant,
657 2965 954 3057 pecunia,
992 2964 1300 3052 dignitas,
1334 2965 1627 3051 potentia
1662 2965 1915 3049 aliaque
1954 2966 2323 3050 complura,

444 3135 480 3190 4
525 3137 592 3192 de
634 3139 910 3207 sinyulari
954 3155 1088 3194 nam
1133 3143 1536 3196 coniunctionis
1578 3158 1687 3196 usu
1728 3140 1891 3196 Gertz
1936 3147 2063 3210 apte
2098 3141 2327 3207 confert

275 3207 516 3276 Thucyd.
566 3209 653 3262 VI
697 3213 788 3274 24,
825 3214 860 3264 3
927 3211 1133 3267 Vahlen
1191 3213 1267 3266 ad
1320 3213 1550 3268 Aristot
1608 3213 1804 3280 poetic.
1863 3228 1922 3280 Ρ.
1968 3215 2157 3266 1448α
2204 3216 2328 3278 31,-

267 3276 389 3329 vide
425 3283 476 3332 et
512 3277 680 3332 Hude
716 3250 905 3334 H’erm.
945 3281 1226 3336 XXXVI
1268 3285 1446 3351 (1901)
1488 3299 1547 3350 Ρ.
1582 3287 1689 3336 313
1728 3281 2014 3336 XXXIX
2052 3298 2113 3350 Ρ.
2145 3285 2265 3337 476
2304 3283 2327 3351 Η

270 3344 340 3398 16
376 3362 626 3404 maceror
664 3349 711 3403 Ο
753 3365 1005 3404 marceor
1033 3352 1088 3405 B
1123 3351 1143 3422 ΙΙ
1179 3351 1249 3406 18
1286 3353 1515 3407 uidetur
1552 3353 1599 3408 C
1632 3359 1686 3407 et
1720 3353 1857 3421 volq.
1894 3350 2229 3406 uidentibus
2262 3353 2327 3406 B

271 3414 491 3470 viletur
525 3416 634 3471 tibi
676 3419 838 3475 Gertz
873 3421 892 3490 ,Ι
926 3420 998 3476 30
1033 3425 1239 3490 parata
1283 3425 1327 3479 Ο
1363 3426 1530 3492 parta
1562 3425 1873 3479 Pincianus

261 3543 444 3676 R
