2544 3746
0 2973 31 2989 ἱ
0 2855 34 2948 UT
0 2563 33 2789 unvai
0 2364 31 2529 ‘'n-3²2
0 2312 29 2331 ἱ

283 10 414 78 166
676 6 736 61 L.
767 5 1052 61 ANNAEI
1087 5 1418 64 SENECAE
1455 5 1648 63 DIAL.
1675 5 1810 62 ΠΒ.
1840 5 1935 63 VI.

278 153 550 237 excutit,
611 152 1061 219 sollicitudinis
1119 174 1372 238 semper
1426 153 1549 218 sibi
1596 152 2088 237 nutrimentum,
2133 154 2325 221 vitio·

281 265 426 308 sum
472 246 537 309 et
581 242 823 307 inutile.
916 241 1225 307 miramur
1281 243 1352 307 in
1399 241 1525 308 hoc
1571 246 1874 327 mortem,
1918 265 2083 328 quae
2126 244 2323 309 unius

281 332 604 419 singultus
645 352 808 416 opus
845 331 985 395 est?
1046 330 1363 415 numquid
1400 332 1599 416 enim,
1633 335 1709 397 ut
1743 331 2067 416 concidat,
2100 334 2325 420 magni

281 444 382 488 res
438 420 797 487 molimenti
848 419 988 485 est?
1078 419 1238 486 odor
1282 421 1383 485 illi
1428 442 1745 505 saporque
1792 424 1857 487 et
1898 422 2213 488 lassitudo
2258 427 2325 489 et

282 510 510 596 vigilia
571 514 636 574 et
697 531 884 574 umor
947 512 1014 575 et
1075 509 1256 575 cibus
1322 513 1388 575 et
1446 510 1582 575 sine
1639 511 1871 595 quibus
1926 512 2139 577 vivere
2188 534 2323 578 non

283 603 498 685 potest
559 599 891 665 mortifera
953 601 1130 682 sunt3
1193 620 1600 683 quocumque
1666 622 1733 664 se
1796 602 2029 682 movit,
2102 602 2323 667 statim

281 689 675 754 infirmitatis
736 710 886 755 suae
945 688 1302 773 conscium,
1358 710 1493 754 non
1552 710 1740 754 omne
1800 690 2048 755 caelum
2093 690 2323 773 ferens,

282 799 595 863 aquarum
650 777 1046 843 novitatibus
1105 776 1391 861 flatuque
1448 798 1583 842 non
1640 778 1975 846 familiaris
2022 801 2216 845 aurae
2262 786 2327 845 et

282 867 675 933 tenuissimis
713 866 922 933 causis
959 870 1152 951 atque
1189 866 1649 933 offensionibus
1686 868 2081 953 morbidum,
2116 873 2323 953 putre,

283 956 643 1023 causarium
654 1006 673 1039 ,
718 956 876 1022 fletu
919 956 1122 1021 vitain
1167 956 1596 1040 auspicatum,
1642 978 1790 1022 cum
1828 958 2088 1023 interim
2126 980 2325 1043 quan·

283 1050 385 1112 tos
432 1046 749 1111 tumultus
794 1044 921 1112 hoc
963 1049 1100 1110 tam
1146 1049 1588 1130 contemptum
1636 1047 1877 1111 animal
1921 1048 2165 1113 movet!
2256 1049 2327 1113 in

284 1139 556 1219 quantas
619 1135 1043 1221 cogitationes
1109 1134 1385 1199 oblitum
1449 1135 1845 1202 condicionis
1910 1158 2061 1202 suae
2119 1138 2326 1202 venit!

211 1239 246 1288 5
282 1224 676 1308 inmortalia,
723 1227 980 1289 aeterna
1021 1222 1275 1289 volutat
1320 1224 1534 1289 animo
1580 1228 1648 1290 et
1687 1225 1757 1289 in
1790 1228 2057 1310 nepotes
2094 1248 2327 1310 prone-

283 1318 596 1399 potesque
655 1314 966 1398 disponit,
1026 1334 1174 1379 cum
1233 1313 1493 1378 interim
1545 1313 1745 1399 longa
1789 1318 2131 1380 conantem
2178 1336 2327 1381 eum

284 1426 456 1469 mors
522 1403 835 1488 opprimit
897 1406 962 1467 et
1022 1402 1174 1487 hoc,
1234 1401 1410 1486 quod
1468 1406 1759 1469 senectus
1814 1406 2111 1488 vocatur,
2170 1427 2328 1489 pau·

286 1492 689 1559 cissimorum
733 1496 823 1557 cst
866 1492 1171 1557 circuitus
1219 1513 1551 1556 annorum.

213 1594 242 1644 1
461 1579 603 1645 XII.
662 1580 871 1645 Dolor
905 1584 1081 1665 tuus,
1118 1581 1176 1645 si
1211 1580 1407 1646 modo
1444 1581 1579 1645 ulla
1614 1580 1713 1644 illi
1750 1582 1915 1645 ratio
1952 1586 2078 1666 est,
2106 1586 2329 1647 utrum

283 1692 399 1735 sua
459 1673 707 1755 spectat
762 1670 1172 1735 incommoda
1225 1692 1310 1739 an
1358 1670 1494 1734 eius
1542 1670 1655 1754 qui
1701 1669 2014 1735 decessit?
2106 1675 2330 1737 utrum

283 1764 346 1825 te
406 1760 476 1824 in
535 1760 772 1824 amisso
830 1759 970 1825 filio
1029 1762 1269 1843 movet,
1327 1758 1500 1843 quod
1553 1759 1765 1824 nullas
1811 1782 1891 1824 ex
1935 1760 2051 1824 illo
2098 1760 2329 1846 volup·

283 1853 447 1915 tates
513 1849 767 1934 cepisti,
841 1870 925 1914 an
992 1848 1165 1933 quod
1239 1848 1541 1932 maiores,
1615 1848 1672 1913 si
1736 1847 1977 1915 diutius
2042 1849 2333 1936 vixisset,

284 1939 610 2024 percipere
673 1937 989 2023 potuisti?
1097 1939 1154 2003 si
1214 1938 1426 2003 nullas
1499 1939 1859 2022 percepisse
1932 1943 1997 2004 te
2070 1940 2335 2024 dixeris,

282 2029 682 2093 tolerabilius
757 2027 997 2093 efficies
1071 2027 1523 2092 detrimentum
1591 2030 1803 2112 tuum3
1874 2028 2088 2094 minus
2155 2030 2331 2094 enim

280 2117 576 2184 homines
624 2117 986 2183 desiderant
1030 2139 1131 2202 ea,
1176 2139 1256 2182 ex
1302 2117 1533 2201 quibus
1578 2115 1746 2182 nihil
1786 2118 1983 2204 gaudi
2018 2117 2333 2185 laetitiae-

282 2275 459 2328 pavor
493 2259 822 2328 repentinus
861 2259 964 2328 (ita
989 2258 1104 2312 iam
1132 2257 1383 2326 Lipsius)
1424 2257 1605 2312 cludit
1642 2258 1700 2313 et
1736 2273 1806 2312 ex
1838 2258 2125 2327 inproviso
2158 2276 2333 2313 sonus

283 2332 487 2400 Haupt
535 2347 702 2399 quem
755 2330 939 2383 fatum
989 2329 1346 2397 repentinum
1394 2328 1611 2382 claudit
1648 2330 1706 2383 et
1742 2344 1825 2383 ex.
1856 2329 1894 2382 i.
1924 2347 1967 2384 s.
2006 2331 2333 2401 Petscheniy

282 2417 451 2470 quem
497 2401 884 2471 spectaculum
929 2400 1287 2468 repentinum
1334 2402 1439 2456 aut
1482 2399 1711 2454 auditus
1749 2417 1818 2454 ex
1853 2401 1891 2454 i.
1922 2419 1964 2454 s.
2011 2419 2059 2456 v.
2091 2403 2145 2456 d.
2179 2403 2335 2457 Vliet

282 2488 451 2542 quem
491 2489 772 2542 apparens
807 2472 1164 2541 repentinum
1201 2471 1475 2541 gaudium
1505 2473 1563 2525 et
1590 2487 1673 2526 ex.
1703 2471 1741 2526 i.
1772 2488 1813 2526 s.
1848 2472 2125 2528 Schultess
2160 2490 2331 2542 quem

282 2560 489 2614 pavore
517 2545 812 2614 repentino
830 2543 924 2598 ve}
948 2543 1176 2596 auditus
1206 2559 1276 2596 ex
1302 2542 1338 2598 i.
1356 2559 1397 2596 s.
1424 2543 1587 2598 Gertz
1613 2559 1781 2611 quem
1803 2559 1981 2612 pavor
1997 2545 2333 2614 repentinus

283 2618 482 2684 <aut‚
519 2619 756 2686 quem>
810 2614 1049 2686 audi(e)t
1085 2630 1154 2668 ex
1188 2615 1244 2680 i.‚
1294 2631 1335 2668 s.
1366 2615 1579 2669 Hosius
1588 2635 1609 2680 ;
1656 2615 1809 2670 haud
1849 2616 1963 2670 scio
2003 2633 2083 2670 an
2124 2616 2335 2672 Seneca

281 2689 563 2757 scripserit
605 2703 774 2756 quem
809 2702 988 2756 pavor
1021 2686 1349 2754 repentinus
1387 2687 1489 2740 aut
1526 2684 1755 2739 auditus
1792 2701 1862 2740 ex
1898 2687 1935 2741 i.
1966 2703 2007 2740 s.
2044 2685 2067 2759 11
2102 2686 2134 2741 1
2176 2687 2335 2741 solli-

283 2758 554 2813 citudinis
587 2759 751 2814 Gertz
787 2757 916 2812 solli
943 2760 999 2812 A
1033 2755 1183 2811 fellis
1212 2757 1485 2812 Schultess
1515 2754 1621 2811 soli
1650 2773 1766 2810 sem
1810 2773 1871 2812 er
1900 2758 2331 2827 <serviens?>

283 2829 412 2896 sibi,
431 2833 578 2884 nutr.
601 2830 695 2884 vit.
717 2830 776 2884 et
801 2829 877 2883 in.
901 2829 1138 2898 Madvig]
1153 2827 1174 2900 11
1198 2827 1233 2882 2
1260 2827 1463 2882 inutile
1483 2839 1518 2882 ς
1534 2826 1603 2882 -li
1630 2829 1687 2883 A
1702 2827 1735 2952 11
1822 2828 2105 2898 singultus
2134 2831 2337 2886 Haase

283 2901 562 2972 singulius
589 2903 646 2956 A
685 2900 922 2970 singulis
951 2912 986 2954 ς
1011 2899 1032 2973 11
1060 2899 1089 2954 7
1119 2899 1304 2972 celum
1339 2915 1476 2955 corr.
1506 2915 1575 2954 ex
1610 2915 1701 2964 sce
1728 2917 1793 2953 us
1820 2901 1876 2956 A
1902 2901 1924 2973 11
1963 2898 2000 2955 8
2026 2899 2333 2971 familiaris

283 2988 425 3026 aura
452 2975 510 3026 et
527 2973 584 3028 A
609 2972 630 3044 11
657 2972 728 3027 10
755 2987 1054 3027 causarum
1073 2971 1128 3026 A
1155 2987 1291 3026 corr.
1316 2971 1521 3026 Gruter
1544 2971 1564 3044 11
1591 2970 1660 3025 11
1682 2971 1898 3026 animal
1914 2984 1950 3026 s·
1977 2972 2215 3042 animali
2237 2975 2293 3028 A
2312 2974 2335 3046 11

282 3042 356 3098 15
413 3043 880 3113 paucissimorum
945 3043 1031 3097 est
1094 3041 1361 3097 circuitus
1422 3058 1694 3098 annorum
1755 3043 1919 3099 Gertz
1981 3044 2333 3113 paucissimo

283 3115 552 3169 circuitus
591 3131 769 3170 annor
793 3115 849 3170 A
885 3114 981 3170 sed
1015 3130 1190 3182 supra
1233 3130 1299 3168 or
1332 3113 1461 3169 add.
1500 3117 1539 3167 u
1574 3115 1701 3184 fort,
1731 3114 1816 3169 A⁶
1854 3115 2333 3183 paucissimorum

285 3201 332 3238 c.
364 3200 638 3240 annorum
675 3188 798 3257 (om.
829 3186 935 3254 est)
964 3185 1078 3240 cod.
1101 3184 1214 3240 Col.
1237 3185 1467 3240 Gruteri
1490 3184 1511 3257 11
1545 3184 1617 3240 18
1646 3201 1722 3238 an
1749 3184 1870 3239 eius
1900 3186 1999 3254 qui
2026 3186 2089 3241 F
2110 3193 2165 3242 ct
2188 3187 2333 3258 volq.

284 3257 448 3310 anius
487 3258 608 3326 (om.
639 3257 759 3327 qui)
788 3258 844 3313 A
863 3256 898 3360 11
933 3255 1004 3310 19
1038 3256 1100 3309 in
1138 3256 1343 3311 amisso
1372 3257 1434 3311 F
1462 3263 1527 3312 ut
1562 3258 1700 3312 coni.
1732 3257 1890 3312 Koch
1926 3257 1987 3311 in
2022 3256 2199 3314 misso
2229 3261 2285 3314 A
2312 3259 2335 3334 11

282 3325 356 3379 20
393 3327 595 3404 cepisti
631 3329 852 3383 Erasm.
921 3327 1164 3396 cepisses
1191 3329 1246 3383 A
1285 3327 1501 3397 ceperis
1524 3328 1586 3383 F
1612 3327 1634 3400 11
1667 3327 1738 3382 21
1776 3327 2061 3432 potuistis]
2088 3331 2252 3400 (erae.
2283 3335 2333 3401 s)

285 3399 342 3450 A
377 3399 656 3466 potuisses
694 3400 756 3454 F
783 3399 804 3470 11
837 3397 910 3453 23
947 3399 1122 3468 gaudi
1151 3399 1234 3454 Αι
1269 3416 1405 3456 corr.
1444 3401 1509 3454 in
1544 3399 1744 3470 gaudii
1779 3400 1906 3466 fort.
1936 3401 1992 3456 A

2363 980 2415 1020 10

2365 1424 2418 1465 15
