<?xml version="1.0" encoding="UTF-8"?>
<!DOCTYPE html PUBLIC "-//W3C//DTD XHTML 1.0 Transitional//EN"
    "http://www.w3.org/TR/xhtml1/DTD/xhtml1-transitional.dtd">
<html xmlns="http://www.w3.org/1999/xhtml" xml:lang="en" lang="en">
 <head>
  <title>
</title>
<meta http-equiv="Content-Type" content="text/html;charset=utf-8" />
  <meta name='ocr-system' content='tesseract 3.04.00' />
  <meta name='ocr-capabilities' content='ocr_page ocr_carea ocr_par ocr_line ocrx_word'/>
</head>
<body>
  <div class='ocr_page' id='page_1' title='image "./lannaeisenecaeo01unkngoog_0317.png"; bbox 0 0 2544 3746; ppageno 0'>
   <div class='ocr_carea' id='block_1_1' title="bbox 433 110 2302 183">
    <p class='ocr_par' dir='ltr' id='par_1_1' title="bbox 433 110 2302 183">
     <span class='ocr_line' id='line_1_1' title="bbox 433 110 2302 183; baseline 0.003 -18"><span class='ocrx_word' id='word_1_1' title='bbox 433 110 536 166; x_wconf 76' lang='lat' dir='ltr'><strong>AD</strong></span> <span class='ocrx_word' id='word_1_2' title='bbox 571 110 960 170; x_wconf 73' lang='lat' dir='ltr'><strong>PAVLINVM</strong></span> <span class='ocrx_word' id='word_1_3' title='bbox 992 110 1092 167; x_wconf 74' lang='lat' dir='ltr'><strong>DE</strong></span> <span class='ocrx_word' id='word_1_4' title='bbox 1129 110 1548 167; x_wconf 77' lang='lat' dir='ltr'>BREVITATE</span> <span class='ocrx_word' id='word_1_5' title='bbox 1575 111 1799 171; x_wconf 75' lang='lat' dir='ltr'>VITAE</span> <span class='ocrx_word' id='word_1_6' title='bbox 1838 110 1992 169; x_wconf 79' lang='lat' dir='ltr'><strong>OAP.</strong></span> <span class='ocrx_word' id='word_1_7' title='bbox 2022 118 2089 169; x_wconf 90' lang='lat'><strong>10</strong></span> <span class='ocrx_word' id='word_1_8' title='bbox 2172 117 2302 183; x_wconf 81' lang='lat'><strong>293</strong></span> 
     </span>
    </p>
   </div>
   <div class='ocr_carea' id='block_1_2' title="bbox 270 256 2305 343">
    <p class='ocr_par' dir='ltr' id='par_1_2' title="bbox 270 256 2305 343">
     <span class='ocr_line' id='line_1_2' title="bbox 270 256 2305 343; baseline 0.001 -20"><span class='ocrx_word' id='word_1_9' title='bbox 270 256 625 342; x_wconf 86' lang='lat' dir='ltr'><strong>praesentis</strong></span> <span class='ocrx_word' id='word_1_10' title='bbox 687 258 1042 343; x_wconf 78' lang='lat' dir='ltr'><strong>voluptatis</strong></span> <span class='ocrx_word' id='word_1_11' title='bbox 1095 256 1419 324; x_wconf 79' lang='lat' dir='ltr'><strong>lenocinio</strong></span> <span class='ocrx_word' id='word_1_12' title='bbox 1480 257 2015 343; x_wconf 80' lang='lat' dir='ltr'><strong>surripiebantur‚</strong></span> <span class='ocrx_word' id='word_1_13' title='bbox 2073 262 2305 326; x_wconf 83' lang='lat' dir='ltr'><strong>retrae-</strong></span> 
     </span>
    </p>
   </div>
   <div class='ocr_carea' id='block_1_3' title="bbox 145 346 2308 432">
    <p class='ocr_par' dir='ltr' id='par_1_3' title="bbox 145 346 2308 432">
     <span class='ocr_line' id='line_1_3' title="bbox 145 346 2308 432; baseline 0.001 -19"><span class='ocrx_word' id='word_1_14' title='bbox 145 355 162 367; x_wconf 83' lang='lat'><strong><em>&#39;</em></strong></span> <span class='ocrx_word' id='word_1_15' title='bbox 271 346 470 413; x_wconf 86' lang='lat' dir='ltr'><strong>tando</strong></span> <span class='ocrx_word' id='word_1_16' title='bbox 532 349 888 432; x_wconf 74' lang='lat' dir='ltr'><strong>patescunt</strong></span> <span class='ocrx_word' id='word_1_17' title='bbox 978 368 1201 431; x_wconf 85' lang='lat' dir='ltr'><strong>nemo,</strong></span> <span class='ocrx_word' id='word_1_18' title='bbox 1259 346 1388 411; x_wconf 81' lang='lat' dir='ltr'><strong>nisi</strong></span> <span class='ocrx_word' id='word_1_19' title='bbox 1452 348 1609 432; x_wconf 87' lang='lat' dir='ltr'><strong>quoi</strong></span> <span class='ocrx_word' id='word_1_20' title='bbox 1672 347 1889 413; x_wconf 87' lang='lat' dir='ltr'><strong>omnia</strong></span> <span class='ocrx_word' id='word_1_21' title='bbox 1949 350 2093 414; x_wconf 84' lang='lat' dir='ltr'><strong>aeta</strong></span> <span class='ocrx_word' id='word_1_22' title='bbox 2155 352 2308 415; x_wconf 85' lang='lat' dir='ltr'><strong>sunt</strong></span> 
     </span>
    </p>
   </div>
   <div class='ocr_carea' id='block_1_4' title="bbox 177 1085 234 1125">
    <p class='ocr_par' dir='ltr' id='par_1_4' title="bbox 177 1085 234 1125">
     <span class='ocr_line' id='line_1_4' title="bbox 177 1085 234 1125; baseline 0 0"><span class='ocrx_word' id='word_1_23' title='bbox 177 1085 234 1125; x_wconf 84' lang='lat'><strong>10</strong></span> 
     </span>
    </p>
   </div>
   <div class='ocr_carea' id='block_1_5' title="bbox 179 1529 233 1570">
    <p class='ocr_par' dir='ltr' id='par_1_5' title="bbox 179 1529 233 1570">
     <span class='ocr_line' id='line_1_5' title="bbox 179 1529 233 1570; baseline 0 0"><span class='ocrx_word' id='word_1_24' title='bbox 179 1529 233 1570; x_wconf 78' lang='lat'><strong>15</strong></span> 
     </span>
    </p>
   </div>
   <div class='ocr_carea' id='block_1_6' title="bbox 270 436 2375 879">
    <p class='ocr_par' dir='ltr' id='par_1_6' title="bbox 270 436 2375 879">
     <span class='ocr_line' id='line_1_6' title="bbox 273 436 2306 522; baseline 0.001 -20"><span class='ocrx_word' id='word_1_25' title='bbox 273 436 394 502; x_wconf 90' lang='lat' dir='ltr'><strong>sub</strong></span> <span class='ocrx_word' id='word_1_26' title='bbox 449 457 718 503; x_wconf 78' lang='lat' dir='ltr'><strong>censura</strong></span> <span class='ocrx_word' id='word_1_27' title='bbox 772 459 914 522; x_wconf 78' lang='lat' dir='ltr'><strong>sua,</strong></span> <span class='ocrx_word' id='word_1_28' title='bbox 968 458 1132 522; x_wconf 88' lang='lat' dir='ltr'><strong>quae</strong></span> <span class='ocrx_word' id='word_1_29' title='bbox 1184 456 1540 521; x_wconf 79' lang='lat' dir='ltr'><strong>numquam</strong></span> <span class='ocrx_word' id='word_1_30' title='bbox 1592 436 1868 521; x_wconf 85' lang='lat' dir='ltr'><strong>fallitur,</strong></span> <span class='ocrx_word' id='word_1_31' title='bbox 1916 437 2193 503; x_wconf 79' lang='lat' dir='ltr'><strong>libenter</strong></span> <span class='ocrx_word' id='word_1_32' title='bbox 2236 460 2306 504; x_wconf 85' lang='lat' dir='ltr'><strong>se</strong></span> 
     </span>
     <span class='ocr_line' id='line_1_7' title="bbox 272 524 2375 612; baseline 0.001 -21"><span class='ocrx_word' id='word_1_33' title='bbox 272 525 344 591; x_wconf 92' lang='lat' dir='ltr'><strong>in</strong></span> <span class='ocrx_word' id='word_1_34' title='bbox 387 526 806 611; x_wconf 88' lang='lat' dir='ltr'><strong>praeteritum</strong></span> <span class='ocrx_word' id='word_1_35' title='bbox 841 529 1200 612; x_wconf 82' lang='lat' dir='ltr'><strong>retorquet3</strong></span> <span class='ocrx_word' id='word_1_36' title='bbox 1243 524 1356 591; x_wconf 79' lang='lat' dir='ltr'><strong>isse</strong></span> <span class='ocrx_word' id='word_1_37' title='bbox 1395 525 1506 610; x_wconf 88' lang='lat' dir='ltr'><strong>qui</strong></span> <span class='ocrx_word' id='word_1_38' title='bbox 1540 526 1747 591; x_wconf 86' lang='lat' dir='ltr'><strong>multa</strong></span> <span class='ocrx_word' id='word_1_39' title='bbox 1782 526 2121 593; x_wconf 89' lang='lat' dir='ltr'><strong>ambitiose</strong></span> <span class='ocrx_word' id='word_1_40' title='bbox 2156 548 2305 593; x_wconf 87' lang='lat' dir='ltr'><strong>oon-</strong></span> <span class='ocrx_word' id='word_1_41' title='bbox 2340 545 2375 594; x_wconf 77' lang='grc'><strong>4</strong></span> 
     </span>
     <span class='ocr_line' id='line_1_8' title="bbox 271 614 2305 700; baseline 0.001 -21"><span class='ocrx_word' id='word_1_42' title='bbox 271 615 502 699; x_wconf 82' lang='lat' dir='ltr'><strong>cupiit,</strong></span> <span class='ocrx_word' id='word_1_43' title='bbox 558 614 830 699; x_wconf 85' lang='lat' dir='ltr'><strong>superbe</strong></span> <span class='ocrx_word' id='word_1_44' title='bbox 885 615 1303 700; x_wconf 77' lang='lat' dir='ltr'><strong>contempsit,</strong></span> <span class='ocrx_word' id='word_1_45' title='bbox 1354 616 1721 700; x_wconf 75' lang='lat' dir='ltr'><strong>inpotenter</strong></span> <span class='ocrx_word' id='word_1_46' title='bbox 1762 615 1949 699; x_wconf 78' lang='lat' dir='ltr'><strong>vicit,</strong></span> <span class='ocrx_word' id='word_1_47' title='bbox 2000 615 2305 682; x_wconf 70' lang='lat' dir='ltr'><strong>insidiose</strong></span> 
     </span>
     <span class='ocr_line' id='line_1_9' title="bbox 271 703 2305 791; baseline -0.001 -20"><span class='ocrx_word' id='word_1_48' title='bbox 271 704 551 789; x_wconf 79' lang='lat' dir='ltr'><strong>decepit,</strong></span> <span class='ocrx_word' id='word_1_49' title='bbox 598 725 786 778; x_wconf 80' lang='lat' dir='ltr'><strong>avare</strong></span> <span class='ocrx_word' id='word_1_50' title='bbox 830 705 1075 789; x_wconf 85' lang='lat' dir='ltr'><strong>rapuit,</strong></span> <span class='ocrx_word' id='word_1_51' title='bbox 1119 703 1391 791; x_wconf 82' lang='lat' dir='ltr'><strong>prodige</strong></span> <span class='ocrx_word' id='word_1_52' title='bbox 1437 704 1665 770; x_wconf 87' lang='lat' dir='ltr'><strong>effudit</strong></span> <span class='ocrx_word' id='word_1_53' title='bbox 1671 752 1692 788; x_wconf 86' lang='lat'><strong><em>,</em></strong></span> <span class='ocrx_word' id='word_1_54' title='bbox 1733 724 1990 769; x_wconf 81' lang='lat' dir='ltr'><strong>neeesse</strong></span> <span class='ocrx_word' id='word_1_55' title='bbox 2036 707 2134 770; x_wconf 90' lang='lat' dir='ltr'><strong>est</strong></span> <span class='ocrx_word' id='word_1_56' title='bbox 2178 726 2305 769; x_wconf 91' lang='lat' dir='ltr'><strong>me-</strong></span> 
     </span>
     <span class='ocr_line' id='line_1_10' title="bbox 270 792 2305 879; baseline 0 -20"><span class='ocrx_word' id='word_1_57' title='bbox 270 792 545 859; x_wconf 79' lang='lat' dir='ltr'><strong>moriam</strong></span> <span class='ocrx_word' id='word_1_58' title='bbox 605 814 787 860; x_wconf 86' lang='lat' dir='ltr'><strong>suam</strong></span> <span class='ocrx_word' id='word_1_59' title='bbox 847 794 1090 860; x_wconf 88' lang='lat' dir='ltr'><strong>timeat.</strong></span> <span class='ocrx_word' id='word_1_60' title='bbox 1181 793 1365 878; x_wconf 89' lang='lat' dir='ltr'><strong>atqui</strong></span> <span class='ocrx_word' id='word_1_61' title='bbox 1420 793 1581 859; x_wconf 84' lang='lat' dir='ltr'><strong>haee</strong></span> <span class='ocrx_word' id='word_1_62' title='bbox 1637 797 1737 859; x_wconf 92' lang='lat' dir='ltr'><strong>est</strong></span> <span class='ocrx_word' id='word_1_63' title='bbox 1793 815 1943 879; x_wconf 83' lang='lat' dir='ltr'><strong>pars</strong></span> <span class='ocrx_word' id='word_1_64' title='bbox 1995 794 2305 879; x_wconf 83' lang='lat' dir='ltr'><strong>temporis</strong></span> 
     </span>
    </p>
   </div>
   <div class='ocr_carea' id='block_1_7' title="bbox 252 882 2308 967">
    <p class='ocr_par' dir='ltr' id='par_1_7' title="bbox 252 882 2308 967">
     <span class='ocr_line' id='line_1_11' title="bbox 252 882 2308 967; baseline 0 -20"><span class='ocrx_word' id='word_1_65' title='bbox 252 882 478 948; x_wconf 20' lang='lat' dir='ltr'><strong>*nostri</strong></span> <span class='ocrx_word' id='word_1_66' title='bbox 524 903 704 949; x_wconf 78' lang='lat' dir='ltr'><strong>saera</strong></span> <span class='ocrx_word' id='word_1_67' title='bbox 749 902 826 948; x_wconf 82' lang='lat' dir='ltr'><strong>ao</strong></span> <span class='ocrx_word' id='word_1_68' title='bbox 868 882 1185 967; x_wconf 80' lang='lat' dir='ltr'><strong>dedicata,</strong></span> <span class='ocrx_word' id='word_1_69' title='bbox 1241 882 1451 948; x_wconf 89' lang='lat' dir='ltr'><strong>omnis</strong></span> <span class='ocrx_word' id='word_1_70' title='bbox 1497 883 1813 948; x_wconf 87' lang='lat' dir='ltr'><strong>humanos</strong></span> <span class='ocrx_word' id='word_1_71' title='bbox 1858 902 2043 949; x_wconf 75' lang='lat' dir='ltr'><strong>casus</strong></span> <span class='ocrx_word' id='word_1_72' title='bbox 2090 903 2308 967; x_wconf 87' lang='lat' dir='ltr'><strong>super·</strong></span> 
     </span>
    </p>
   </div>
   <div class='ocr_carea' id='block_1_8' title="bbox 268 972 2376 2306">
    <p class='ocr_par' dir='ltr' id='par_1_8' title="bbox 268 972 2376 2306">
     <span class='ocr_line' id='line_1_12' title="bbox 270 972 2307 1059; baseline 0 -22"><span class='ocrx_word' id='word_1_73' title='bbox 270 992 519 1059; x_wconf 83' lang='lat' dir='ltr'><strong>gressa,</strong></span> <span class='ocrx_word' id='word_1_74' title='bbox 581 974 764 1037; x_wconf 85' lang='lat' dir='ltr'><strong>extra</strong></span> <span class='ocrx_word' id='word_1_75' title='bbox 825 992 1098 1059; x_wconf 85' lang='lat' dir='ltr'><strong>regnum</strong></span> <span class='ocrx_word' id='word_1_76' title='bbox 1159 972 1458 1038; x_wconf 84' lang='lat' dir='ltr'><strong>fortunae</strong></span> <span class='ocrx_word' id='word_1_77' title='bbox 1522 972 1861 1056; x_wconf 73' lang='lat' dir='ltr'><strong>subducta,</strong></span> <span class='ocrx_word' id='word_1_78' title='bbox 1925 993 2119 1057; x_wconf 88' lang='lat' dir='ltr'><strong>quam</strong></span> <span class='ocrx_word' id='word_1_79' title='bbox 2172 993 2307 1038; x_wconf 91' lang='lat' dir='ltr'><strong>non</strong></span> 
     </span>
     <span class='ocr_line' id='line_1_13' title="bbox 270 1061 2307 1148; baseline 0 -22"><span class='ocrx_word' id='word_1_80' title='bbox 270 1061 518 1146; x_wconf 85' lang='lat' dir='ltr'><strong>inopia,</strong></span> <span class='ocrx_word' id='word_1_81' title='bbox 571 1082 707 1126; x_wconf 92' lang='lat' dir='ltr'><strong>non</strong></span> <span class='ocrx_word' id='word_1_82' title='bbox 759 1064 995 1146; x_wconf 85' lang='lat' dir='ltr'><strong>metus,</strong></span> <span class='ocrx_word' id='word_1_83' title='bbox 1047 1082 1183 1127; x_wconf 94' lang='lat' dir='ltr'><strong>non</strong></span> <span class='ocrx_word' id='word_1_84' title='bbox 1233 1061 1608 1127; x_wconf 88' lang='lat' dir='ltr'><strong>morborum</strong></span> <span class='ocrx_word' id='word_1_85' title='bbox 1660 1062 1953 1135; x_wconf 80' lang='lat' dir='ltr'><strong>incursus</strong></span> <span class='ocrx_word' id='word_1_86' title='bbox 1999 1062 2307 1148; x_wconf 79' lang='lat' dir='ltr'><strong>exagitet3</strong></span> 
     </span>
     <span class='ocr_line' id='line_1_14' title="bbox 269 1150 2309 1236; baseline -0.001 -19"><span class='ocrx_word' id='word_1_87' title='bbox 269 1150 429 1227; x_wconf 81' lang='lat' dir='ltr'><strong>haee</strong></span> <span class='ocrx_word' id='word_1_88' title='bbox 470 1171 594 1217; x_wconf 86' lang='lat' dir='ltr'><strong>neo</strong></span> <span class='ocrx_word' id='word_1_89' title='bbox 635 1150 883 1217; x_wconf 89' lang='lat' dir='ltr'><strong>turbari</strong></span> <span class='ocrx_word' id='word_1_90' title='bbox 925 1171 1046 1217; x_wconf 83' lang='lat' dir='ltr'><strong>nee</strong></span> <span class='ocrx_word' id='word_1_91' title='bbox 1091 1150 1255 1235; x_wconf 85' lang='lat' dir='ltr'><strong>eripi</strong></span> <span class='ocrx_word' id='word_1_92' title='bbox 1299 1153 1541 1236; x_wconf 72' lang='lat' dir='ltr'><strong>potestt</strong></span> <span class='ocrx_word' id='word_1_93' title='bbox 1586 1154 1901 1235; x_wconf 81' lang='lat' dir='ltr'><strong>perpetua</strong></span> <span class='ocrx_word' id='word_1_94' title='bbox 1939 1151 2075 1217; x_wconf 78' lang='lat' dir='ltr'><strong>eius</strong></span> <span class='ocrx_word' id='word_1_95' title='bbox 2114 1153 2178 1215; x_wconf 94' lang='lat' dir='ltr'><strong>et</strong></span> <span class='ocrx_word' id='word_1_96' title='bbox 2213 1150 2309 1215; x_wconf 90' lang='lat' dir='ltr'><strong>in-</strong></span> 
     </span>
     <span class='ocr_line' id='line_1_15' title="bbox 269 1238 2309 1326; baseline 0 -22"><span class='ocrx_word' id='word_1_97' title='bbox 269 1238 524 1324; x_wconf 88' lang='lat' dir='ltr'><strong>trepida</strong></span> <span class='ocrx_word' id='word_1_98' title='bbox 575 1240 924 1324; x_wconf 78' lang='lat' dir='ltr'><strong>possessio</strong></span> <span class='ocrx_word' id='word_1_99' title='bbox 957 1243 1070 1305; x_wconf 89' lang='lat' dir='ltr'><strong>est.</strong></span> <span class='ocrx_word' id='word_1_100' title='bbox 1163 1240 1408 1326; x_wconf 83' lang='lat' dir='ltr'><strong>singuli</strong></span> <span class='ocrx_word' id='word_1_101' title='bbox 1450 1243 1703 1305; x_wconf 88' lang='lat' dir='ltr'><strong>tantum</strong></span> <span class='ocrx_word' id='word_1_102' title='bbox 1749 1239 1914 1324; x_wconf 85' lang='lat' dir='ltr'><strong>dies,</strong></span> <span class='ocrx_word' id='word_1_103' title='bbox 1967 1243 2034 1305; x_wconf 90' lang='lat' dir='ltr'><strong>et</strong></span> <span class='ocrx_word' id='word_1_104' title='bbox 2076 1240 2148 1305; x_wconf 87' lang='lat' dir='ltr'><strong>hi</strong></span> <span class='ocrx_word' id='word_1_105' title='bbox 2191 1261 2309 1324; x_wconf 86' lang='lat' dir='ltr'><strong>per</strong></span> 
     </span>
     <span class='ocr_line' id='line_1_16' title="bbox 272 1330 2307 1414; baseline 0.001 -22"><span class='ocrx_word' id='word_1_106' title='bbox 272 1331 612 1413; x_wconf 75' lang='lat' dir='ltr'><strong>momenta,</strong></span> <span class='ocrx_word' id='word_1_107' title='bbox 649 1332 1016 1414; x_wconf 68' lang='lat' dir='ltr'><strong>praesentes</strong></span> <span class='ocrx_word' id='word_1_108' title='bbox 1053 1332 1231 1414; x_wconf 84' lang='lat' dir='ltr'><strong>sunt3</strong></span> <span class='ocrx_word' id='word_1_109' title='bbox 1268 1332 1338 1393; x_wconf 84' lang='lat' dir='ltr'><strong>at</strong></span> <span class='ocrx_word' id='word_1_110' title='bbox 1361 1330 1691 1412; x_wconf 86' lang='lat' dir='ltr'><strong>praeteriti</strong></span> <span class='ocrx_word' id='word_1_111' title='bbox 1726 1330 2037 1413; x_wconf 88' lang='lat' dir='ltr'><strong>temporis</strong></span> <span class='ocrx_word' id='word_1_112' title='bbox 2067 1350 2307 1412; x_wconf 85' lang='lat' dir='ltr'><strong>omnes,</strong></span> 
     </span>
     <span class='ocr_line' id='line_1_17' title="bbox 270 1417 2308 1502; baseline 0 -19"><span class='ocrx_word' id='word_1_113' title='bbox 270 1438 419 1483; x_wconf 81' lang='lat' dir='ltr'><strong>oum</strong></span> <span class='ocrx_word' id='word_1_114' title='bbox 473 1418 816 1501; x_wconf 64' lang='lat' dir='ltr'><strong>inmeritis,</strong></span> <span class='ocrx_word' id='word_1_115' title='bbox 872 1418 1167 1502; x_wconf 87' lang='lat' dir='ltr'><strong>aderunt,</strong></span> <span class='ocrx_word' id='word_1_116' title='bbox 1223 1417 1305 1482; x_wconf 87' lang='lat' dir='ltr'><strong>ad</strong></span> <span class='ocrx_word' id='word_1_117' title='bbox 1349 1417 1687 1483; x_wconf 80' lang='lat' dir='ltr'><strong>arbitrium</strong></span> <span class='ocrx_word' id='word_1_118' title='bbox 1730 1421 1915 1482; x_wconf 90' lang='lat' dir='ltr'><strong>tuum</strong></span> <span class='ocrx_word' id='word_1_119' title='bbox 1960 1418 2195 1502; x_wconf 80' lang='lat' dir='ltr'><strong>inspici</strong></span> <span class='ocrx_word' id='word_1_120' title='bbox 2238 1439 2308 1483; x_wconf 89' lang='lat' dir='ltr'><strong>se</strong></span> 
     </span>
     <span class='ocr_line' id='line_1_18' title="bbox 269 1506 2307 1591; baseline 0 -20"><span class='ocrx_word' id='word_1_121' title='bbox 269 1527 346 1572; x_wconf 87' lang='lat' dir='ltr'><strong>ao</strong></span> <span class='ocrx_word' id='word_1_122' title='bbox 391 1506 663 1573; x_wconf 85' lang='lat' dir='ltr'><strong>detineri</strong></span> <span class='ocrx_word' id='word_1_123' title='bbox 707 1507 1060 1591; x_wconf 84' lang='lat' dir='ltr'><strong>patientur,</strong></span> <span class='ocrx_word' id='word_1_124' title='bbox 1107 1506 1283 1591; x_wconf 87' lang='lat' dir='ltr'><strong>quod</strong></span> <span class='ocrx_word' id='word_1_125' title='bbox 1326 1506 1535 1572; x_wconf 79' lang='lat' dir='ltr'><strong>faeere</strong></span> <span class='ocrx_word' id='word_1_126' title='bbox 1571 1506 1899 1591; x_wconf 79' lang='lat' dir='ltr'><strong>oeeupatis</strong></span> <span class='ocrx_word' id='word_1_127' title='bbox 1935 1527 2071 1572; x_wconf 94' lang='lat' dir='ltr'><strong>non</strong></span> <span class='ocrx_word' id='word_1_128' title='bbox 2106 1508 2307 1571; x_wconf 74' lang='lat' dir='ltr'><strong>vacat.</strong></span> 
     </span>
     <span class='ocr_line' id='line_1_19' title="bbox 271 1595 2376 1680; baseline -0 -19"><span class='ocrx_word' id='word_1_129' title='bbox 271 1615 528 1661; x_wconf 80' lang='lat' dir='ltr'><strong>seourae</strong></span> <span class='ocrx_word' id='word_1_130' title='bbox 573 1599 640 1662; x_wconf 89' lang='lat' dir='ltr'><strong>et</strong></span> <span class='ocrx_word' id='word_1_131' title='bbox 685 1596 939 1679; x_wconf 86' lang='lat' dir='ltr'><strong>quietae</strong></span> <span class='ocrx_word' id='word_1_132' title='bbox 985 1595 1220 1662; x_wconf 87' lang='lat' dir='ltr'><strong>mentis</strong></span> <span class='ocrx_word' id='word_1_133' title='bbox 1267 1599 1367 1661; x_wconf 91' lang='lat' dir='ltr'><strong>est</strong></span> <span class='ocrx_word' id='word_1_134' title='bbox 1400 1595 1471 1659; x_wconf 91' lang='lat' dir='ltr'><strong>in</strong></span> <span class='ocrx_word' id='word_1_135' title='bbox 1508 1617 1729 1661; x_wconf 75' lang='lat' dir='ltr'><strong>omnes</strong></span> <span class='ocrx_word' id='word_1_136' title='bbox 1765 1595 1938 1661; x_wconf 76' lang='lat' dir='ltr'><strong>vitae</strong></span> <span class='ocrx_word' id='word_1_137' title='bbox 1975 1616 2128 1661; x_wconf 81' lang='lat' dir='ltr'><strong>suae</strong></span> <span class='ocrx_word' id='word_1_138' title='bbox 2164 1616 2306 1680; x_wconf 90' lang='lat' dir='ltr'><strong>par-</strong></span> <span class='ocrx_word' id='word_1_139' title='bbox 2342 1612 2376 1661; x_wconf 80' lang='lat'><strong>5</strong></span> 
     </span>
     <span class='ocr_line' id='line_1_20' title="bbox 268 1684 2310 1770; baseline 0 -21"><span class='ocrx_word' id='word_1_140' title='bbox 268 1688 366 1749; x_wconf 87' lang='lat' dir='ltr'><strong>tes</strong></span> <span class='ocrx_word' id='word_1_141' title='bbox 405 1684 784 1769; x_wconf 78' lang='lat' dir='ltr'><strong>discurrere3</strong></span> <span class='ocrx_word' id='word_1_142' title='bbox 831 1688 1290 1770; x_wconf 78' lang='lat' dir='ltr'><strong>occupatorum</strong></span> <span class='ocrx_word' id='word_1_143' title='bbox 1327 1685 1554 1769; x_wconf 87' lang='lat' dir='ltr'><strong>animi,</strong></span> <span class='ocrx_word' id='word_1_144' title='bbox 1595 1685 1774 1750; x_wconf 80' lang='lat' dir='ltr'><strong>velut</strong></span> <span class='ocrx_word' id='word_1_145' title='bbox 1809 1685 1928 1750; x_wconf 90' lang='lat' dir='ltr'><strong>sub</strong></span> <span class='ocrx_word' id='word_1_146' title='bbox 1967 1685 2122 1770; x_wconf 77' lang='lat' dir='ltr'><strong>iugo</strong></span> <span class='ocrx_word' id='word_1_147' title='bbox 2159 1685 2310 1769; x_wconf 87' lang='lat' dir='ltr'><strong>sint,</strong></span> 
     </span>
     <span class='ocr_line' id='line_1_21' title="bbox 268 1772 2310 1859; baseline 0 -21"><span class='ocrx_word' id='word_1_148' title='bbox 268 1772 524 1839; x_wconf 78' lang='lat' dir='ltr'><strong>flectere</strong></span> <span class='ocrx_word' id='word_1_149' title='bbox 580 1794 648 1839; x_wconf 89' lang='lat' dir='ltr'><strong>se</strong></span> <span class='ocrx_word' id='word_1_150' title='bbox 703 1794 780 1840; x_wconf 84' lang='lat' dir='ltr'><strong>ao</strong></span> <span class='ocrx_word' id='word_1_151' title='bbox 830 1774 1147 1859; x_wconf 77' lang='lat' dir='ltr'><strong>respicere</strong></span> <span class='ocrx_word' id='word_1_152' title='bbox 1189 1795 1327 1839; x_wconf 92' lang='lat' dir='ltr'><strong>non</strong></span> <span class='ocrx_word' id='word_1_153' title='bbox 1370 1776 1657 1857; x_wconf 87' lang='lat' dir='ltr'><strong>possunt.</strong></span> <span class='ocrx_word' id='word_1_154' title='bbox 1749 1772 1886 1839; x_wconf 91' lang='lat' dir='ltr'><strong>abit</strong></span> <span class='ocrx_word' id='word_1_155' title='bbox 1929 1774 2132 1859; x_wconf 82' lang='lat' dir='ltr'><strong>igitur</strong></span> <span class='ocrx_word' id='word_1_156' title='bbox 2172 1773 2310 1838; x_wconf 73' lang='lat' dir='ltr'><strong>vita</strong></span> 
     </span>
     <span class='ocr_line' id='line_1_22' title="bbox 270 1861 2308 1950; baseline 0 -22"><span class='ocrx_word' id='word_1_157' title='bbox 270 1885 493 1929; x_wconf 88' lang='lat' dir='ltr'><strong>eorum</strong></span> <span class='ocrx_word' id='word_1_158' title='bbox 546 1863 618 1929; x_wconf 92' lang='lat' dir='ltr'><strong>in</strong></span> <span class='ocrx_word' id='word_1_159' title='bbox 671 1862 1066 1948; x_wconf 83' lang='lat' dir='ltr'><strong>profundum</strong></span> <span class='ocrx_word' id='word_1_160' title='bbox 1121 1866 1186 1929; x_wconf 91' lang='lat' dir='ltr'><strong>et</strong></span> <span class='ocrx_word' id='word_1_161' title='bbox 1239 1866 1316 1928; x_wconf 96' lang='lat' dir='ltr'><strong>ut</strong></span> <span class='ocrx_word' id='word_1_162' title='bbox 1357 1862 1525 1936; x_wconf 87' lang='lat' dir='ltr'><strong>nihil</strong></span> <span class='ocrx_word' id='word_1_163' title='bbox 1567 1861 1858 1948; x_wconf 87' lang='lat' dir='ltr'><strong>prodest,</strong></span> <span class='ocrx_word' id='word_1_164' title='bbox 1910 1862 2075 1950; x_wconf 80' lang='lat' dir='ltr'><strong>lieet</strong></span> <span class='ocrx_word' id='word_1_165' title='bbox 2111 1885 2308 1948; x_wconf 84' lang='lat' dir='ltr'><strong>quan·</strong></span> 
     </span>
     <span class='ocr_line' id='line_1_23' title="bbox 269 1952 2309 2039; baseline 0 -22"><span class='ocrx_word' id='word_1_166' title='bbox 269 1952 579 2019; x_wconf 84' lang='lat' dir='ltr'><strong>tumlibet&#39;</strong></span> <span class='ocrx_word' id='word_1_167' title='bbox 608 1953 889 2039; x_wconf 84' lang='lat' dir='ltr'><strong>ingeras,</strong></span> <span class='ocrx_word' id='word_1_168' title='bbox 926 1952 984 2019; x_wconf 88' lang='lat' dir='ltr'><strong>si</strong></span> <span class='ocrx_word' id='word_1_169' title='bbox 1018 1974 1153 2018; x_wconf 92' lang='lat' dir='ltr'><strong>non</strong></span> <span class='ocrx_word' id='word_1_170' title='bbox 1189 1952 1412 2017; x_wconf 79' lang='lat' dir='ltr'><strong>subest</strong></span> <span class='ocrx_word' id='word_1_171' title='bbox 1447 1952 1635 2037; x_wconf 88' lang='lat' dir='ltr'><strong>quod·</strong></span> <span class='ocrx_word' id='word_1_172' title='bbox 1657 1952 1936 2036; x_wconf 77' lang='lat' dir='ltr'><strong>excipiat</strong></span> <span class='ocrx_word' id='word_1_173' title='bbox 1970 1972 2047 2018; x_wconf 85' lang='lat' dir='ltr'><strong>ao</strong></span> <span class='ocrx_word' id='word_1_174' title='bbox 2080 1955 2309 2035; x_wconf 82' lang='lat' dir='ltr'><strong>servet,</strong></span> 
     </span>
     <span class='ocr_line' id='line_1_24' title="bbox 269 2039 2308 2126; baseline -0 -20"><span class='ocrx_word' id='word_1_175' title='bbox 269 2042 394 2125; x_wconf 85' lang='lat' dir='ltr'><strong>sic,</strong></span> <span class='ocrx_word' id='word_1_176' title='bbox 444 2039 613 2106; x_wconf 83' lang='lat' dir='ltr'><strong>nihil</strong></span> <span class='ocrx_word' id='word_1_177' title='bbox 665 2042 862 2107; x_wconf 87' lang='lat' dir='ltr'><strong>refert</strong></span> <span class='ocrx_word' id='word_1_178' title='bbox 914 2045 1226 2124; x_wconf 87' lang='lat' dir='ltr'><strong>quantum</strong></span> <span class='ocrx_word' id='word_1_179' title='bbox 1280 2042 1591 2126; x_wconf 79' lang='lat' dir='ltr'><strong>temporis</strong></span> <span class='ocrx_word' id='word_1_180' title='bbox 1646 2041 1859 2125; x_wconf 86' lang='lat' dir='ltr'><strong>detur,</strong></span> <span class='ocrx_word' id='word_1_181' title='bbox 1914 2042 1970 2106; x_wconf 89' lang='lat' dir='ltr'><strong>si</strong></span> <span class='ocrx_word' id='word_1_182' title='bbox 2022 2063 2155 2107; x_wconf 92' lang='lat' dir='ltr'><strong>non</strong></span> <span class='ocrx_word' id='word_1_183' title='bbox 2210 2043 2308 2105; x_wconf 88' lang='lat' dir='ltr'><strong>est</strong></span> 
     </span>
     <span class='ocr_line' id='line_1_25' title="bbox 268 2129 2307 2216; baseline -0 -20"><span class='ocrx_word' id='word_1_184' title='bbox 268 2129 384 2196; x_wconf 90' lang='lat' dir='ltr'><strong>ubi</strong></span> <span class='ocrx_word' id='word_1_185' title='bbox 453 2130 768 2215; x_wconf 83' lang='lat' dir='ltr'><strong>subsidat,</strong></span> <span class='ocrx_word' id='word_1_186' title='bbox 840 2151 957 2214; x_wconf 90' lang='lat' dir='ltr'><strong>per</strong></span> <span class='ocrx_word' id='word_1_187' title='bbox 1028 2151 1296 2216; x_wconf 78' lang='lat' dir='ltr'><strong>quassos</strong></span> <span class='ocrx_word' id='word_1_188' title='bbox 1358 2129 1730 2214; x_wconf 78' lang='lat' dir='ltr'><strong>foratosque</strong></span> <span class='ocrx_word' id='word_1_189' title='bbox 1794 2130 2042 2195; x_wconf 80' lang='lat' dir='ltr'><strong>am‘mos</strong></span> <span class='ocrx_word' id='word_1_190' title='bbox 2104 2134 2307 2196; x_wconf 88' lang='lat' dir='ltr'><strong>trans-</strong></span> 
     </span>
     <span class='ocr_line' id='line_1_26' title="bbox 268 2219 2376 2306; baseline 0 -22"><span class='ocrx_word' id='word_1_191' title='bbox 268 2219 564 2284; x_wconf 86' lang='lat' dir='ltr'><strong>mittitur.</strong></span> <span class='ocrx_word' id='word_1_192' title='bbox 628 2240 926 2305; x_wconf 78' lang='lat' dir='ltr'><strong>praesens</strong></span> <span class='ocrx_word' id='word_1_193' title='bbox 953 2223 1208 2306; x_wconf 86' lang='lat' dir='ltr'><strong>tempus</strong></span> <span class='ocrx_word' id='word_1_194' title='bbox 1234 2219 1683 2292; x_wconf 82' lang='lat' dir='ltr'><strong>brevissimum</strong></span> <span class='ocrx_word' id='word_1_195' title='bbox 1711 2223 1826 2304; x_wconf 78' lang='lat' dir='ltr'><strong>est,</strong></span> <span class='ocrx_word' id='word_1_196' title='bbox 1852 2219 2010 2285; x_wconf 84' lang='lat' dir='ltr'><strong>adeo</strong></span> <span class='ocrx_word' id='word_1_197' title='bbox 2030 2220 2307 2304; x_wconf 87' lang='lat' dir='ltr'><strong>quidem,</strong></span> <span class='ocrx_word' id='word_1_198' title='bbox 2344 2236 2376 2285; x_wconf 81' lang='grc'><strong>6</strong></span> 
     </span>
    </p>
   </div>
   <div class='ocr_carea' id='block_1_9' title="bbox 147 2309 2317 2395">
    <p class='ocr_par' dir='ltr' id='par_1_9' title="bbox 147 2309 2317 2395">
     <span class='ocr_line' id='line_1_27' title="bbox 147 2309 2317 2395; baseline -0 -21"><span class='ocrx_word' id='word_1_199' title='bbox 147 2338 152 2342; x_wconf 95' lang='grc'><em>·</em></span> <span class='ocrx_word' id='word_1_200' title='bbox 267 2312 344 2374; x_wconf 90' lang='lat' dir='ltr'><strong>ut</strong></span> <span class='ocrx_word' id='word_1_201' title='bbox 388 2309 773 2393; x_wconf 84' lang='lat' dir='ltr'><strong>quibusdam</strong></span> <span class='ocrx_word' id='word_1_202' title='bbox 816 2310 1080 2375; x_wconf 85' lang='lat' dir='ltr'><strong>nullum·</strong></span> <span class='ocrx_word' id='word_1_203' title='bbox 1113 2309 1435 2395; x_wconf 81' lang='lat' dir='ltr'><strong>videatur3</strong></span> <span class='ocrx_word' id='word_1_204' title='bbox 1487 2310 1557 2376; x_wconf 85' lang='lat' dir='ltr'><strong>in</strong></span> <span class='ocrx_word' id='word_1_205' title='bbox 1602 2330 1795 2376; x_wconf 84' lang='lat' dir='ltr'><strong>eursu</strong></span> <span class='ocrx_word' id='word_1_206' title='bbox 1838 2309 2009 2374; x_wconf 84' lang='lat' dir='ltr'><strong>enim</strong></span> <span class='ocrx_word' id='word_1_207' title='bbox 2056 2330 2317 2394; x_wconf 87' lang='lat' dir='ltr'><strong>semper·</strong></span> 
     </span>
    </p>
   </div>
   <div class='ocr_carea' id='block_1_10' title="bbox 267 2397 2308 2574">
    <p class='ocr_par' dir='ltr' id='par_1_10' title="bbox 267 2397 2308 2574">
     <span class='ocr_line' id='line_1_28' title="bbox 270 2397 2307 2484; baseline -0.001 -20"><span class='ocrx_word' id='word_1_208' title='bbox 270 2401 392 2483; x_wconf 87' lang='lat' dir='ltr'><strong>est,</strong></span> <span class='ocrx_word' id='word_1_209' title='bbox 438 2398 585 2464; x_wconf 85' lang='lat' dir='ltr'><strong>fluit</strong></span> <span class='ocrx_word' id='word_1_210' title='bbox 619 2402 686 2464; x_wconf 89' lang='lat' dir='ltr'><strong>et</strong></span> <span class='ocrx_word' id='word_1_211' title='bbox 720 2399 1207 2484; x_wconf 57' lang='lat' dir='ltr'><strong>praecipitatum</strong></span> <span class='ocrx_word' id='word_1_212' title='bbox 1253 2402 1403 2464; x_wconf 90' lang='lat' dir='ltr'><strong>ante</strong></span> <span class='ocrx_word' id='word_1_213' title='bbox 1438 2397 1675 2463; x_wconf 89' lang='lat' dir='ltr'><strong>desinit</strong></span> <span class='ocrx_word' id='word_1_214' title='bbox 1709 2417 1847 2463; x_wconf 89' lang='lat' dir='ltr'><strong>esse</strong></span> <span class='ocrx_word' id='word_1_215' title='bbox 1883 2419 2076 2482; x_wconf 90' lang='lat' dir='ltr'><strong>quam</strong></span> <span class='ocrx_word' id='word_1_216' title='bbox 2113 2398 2307 2481; x_wconf 80' lang='lat' dir='ltr'><strong>venit,</strong></span> 
     </span>
     <span class='ocr_line' id='line_1_29' title="bbox 267 2486 2308 2574; baseline -0 -22"><span class='ocrx_word' id='word_1_217' title='bbox 267 2508 389 2554; x_wconf 83' lang='lat' dir='ltr'><strong>neo</strong></span> <span class='ocrx_word' id='word_1_218' title='bbox 446 2488 655 2574; x_wconf 83' lang='lat' dir='ltr'><strong>magis</strong></span> <span class='ocrx_word' id='word_1_219' title='bbox 715 2509 962 2554; x_wconf 89' lang='lat' dir='ltr'><strong>moram</strong></span> <span class='ocrx_word' id='word_1_220' title='bbox 1021 2487 1268 2573; x_wconf 84' lang='lat' dir='ltr'><strong>patitur</strong></span> <span class='ocrx_word' id='word_1_221' title='bbox 1327 2508 1521 2571; x_wconf 90' lang='lat' dir='ltr'><strong>quam</strong></span> <span class='ocrx_word' id='word_1_222' title='bbox 1580 2487 1856 2552; x_wconf 87' lang='lat' dir='ltr'><strong>mundus</strong></span> <span class='ocrx_word' id='word_1_223' title='bbox 1916 2490 2029 2551; x_wconf 89' lang='lat' dir='ltr'><strong>aut</strong></span> <span class='ocrx_word' id='word_1_224' title='bbox 2082 2486 2308 2570; x_wconf 79' lang='lat' dir='ltr'><strong>sidera,</strong></span> 
     </span>
    </p>
   </div>
   <div class='ocr_carea' id='block_1_11' title="bbox 267 2696 2309 3196">
    <p class='ocr_par' dir='ltr' id='par_1_11' title="bbox 267 2696 2309 3210">
     <span class='ocr_line' id='line_1_30' title="bbox 448 2696 2308 2768; baseline 0 -16"><span class='ocrx_word' id='word_1_225' title='bbox 448 2696 480 2752; x_wconf 91' lang='lat'><strong>1</strong></span> <span class='ocrx_word' id='word_1_226' title='bbox 511 2697 656 2753; x_wconf 80' lang='lat' dir='ltr'><strong>surri</strong></span> <span class='ocrx_word' id='word_1_227' title='bbox 696 2696 960 2753; x_wconf 83' lang='lat' dir='ltr'><strong>iebantur</strong></span> <span class='ocrx_word' id='word_1_228' title='bbox 984 2698 1070 2754; x_wconf 87' lang='lat' dir='ltr'><strong>A²</strong></span> <span class='ocrx_word' id='word_1_229' title='bbox 1094 2705 1160 2754; x_wconf 74' lang='lat' dir='ltr'><strong>ut</strong></span> <span class='ocrx_word' id='word_1_230' title='bbox 1189 2699 1299 2754; x_wconf 77' lang='lat' dir='ltr'><strong>vid.</strong></span> <span class='ocrx_word' id='word_1_231' title='bbox 1332 2696 1791 2768; x_wconf 84' lang='lat' dir='ltr'><strong>subripiebantur</strong></span> <span class='ocrx_word' id='word_1_232' title='bbox 1815 2696 1901 2752; x_wconf 75' lang='lat' dir='ltr'><strong>A⁸</strong></span> <span class='ocrx_word' id='word_1_233' title='bbox 1928 2696 2308 2768; x_wconf 81' lang='lat' dir='ltr'><strong>subrepebant</strong></span> 
     </span>
     <span class='ocr_line' id='line_1_31' title="bbox 268 2768 2305 2842; baseline -0 -18"><span class='ocrx_word' id='word_1_234' title='bbox 268 2769 546 2825; x_wconf 53' lang='lat' dir='ltr'><strong>&amp;amus</strong></span> <span class='ocrx_word' id='word_1_235' title='bbox 587 2768 608 2840; x_wconf 93' lang='grc' dir='ltr'><strong>ΙΙ</strong></span> <span class='ocrx_word' id='word_1_236' title='bbox 723 2769 859 2837; x_wconf 90' lang='lat' dir='ltr'><strong>quoi</strong></span> <span class='ocrx_word' id='word_1_237' title='bbox 886 2769 1093 2826; x_wconf 71' lang='lat' dir='ltr'><strong>Gruter</strong></span> <span class='ocrx_word' id='word_1_238' title='bbox 1127 2787 1238 2839; x_wconf 90' lang='lat' dir='ltr'><strong>quo</strong></span> <span class='ocrx_word' id='word_1_239' title='bbox 1265 2771 1330 2826; x_wconf 94' lang='lat' dir='ltr'><strong>A·</strong></span> <span class='ocrx_word' id='word_1_240' title='bbox 1358 2770 1379 2842; x_wconf 86' lang='grc' dir='ltr'><strong>ΙΙ</strong></span> <span class='ocrx_word' id='word_1_241' title='bbox 1413 2769 1450 2824; x_wconf 76' lang='grc'><strong>9</strong></span> <span class='ocrx_word' id='word_1_242' title='bbox 1485 2786 1598 2825; x_wconf 88' lang='lat' dir='ltr'><strong>non</strong></span> <span class='ocrx_word' id='word_1_243' title='bbox 1633 2775 1763 2825; x_wconf 73' lang='lat' dir='ltr'><strong>ante</strong></span> <span class='ocrx_word' id='word_1_244' title='bbox 1796 2768 1992 2837; x_wconf 84' lang='lat' dir='ltr'><strong>inopia</strong></span> <span class='ocrx_word' id='word_1_245' title='bbox 2027 2769 2156 2824; x_wconf 79' lang='lat' dir='ltr'><strong>add.</strong></span> <span class='ocrx_word' id='word_1_246' title='bbox 2184 2786 2227 2824; x_wconf 74' lang='grc' dir='ltr'><strong>ε.</strong></span> <span class='ocrx_word' id='word_1_247' title='bbox 2254 2786 2305 2825; x_wconf 81' lang='lat' dir='ltr'><strong>v.</strong></span> 
     </span>
     <span class='ocr_line' id='line_1_32' title="bbox 267 2838 2303 2914; baseline -0.001 -19"><span class='ocrx_word' id='word_1_248' title='bbox 267 2838 355 2895; x_wconf 84' lang='lat' dir='ltr'><strong>A²</strong></span> <span class='ocrx_word' id='word_1_249' title='bbox 377 2839 399 2912; x_wconf 78' lang='grc' dir='ltr'><strong>ΙΙ</strong></span> <span class='ocrx_word' id='word_1_250' title='bbox 424 2838 497 2895; x_wconf 84' lang='grc'><strong>10</strong></span> <span class='ocrx_word' id='word_1_251' title='bbox 523 2841 706 2894; x_wconf 89' lang='lat' dir='ltr'><strong>metus</strong></span> <span class='ocrx_word' id='word_1_252' title='bbox 733 2856 872 2897; x_wconf 81' lang='lat' dir='ltr'><strong>corr.</strong></span> <span class='ocrx_word' id='word_1_253' title='bbox 901 2857 969 2896; x_wconf 77' lang='lat' dir='ltr'><strong>ea:</strong></span> <span class='ocrx_word' id='word_1_254' title='bbox 993 2841 1200 2896; x_wconf 79' lang='lat' dir='ltr'><strong>mestus</strong></span> <span class='ocrx_word' id='word_1_255' title='bbox 1216 2840 1304 2897; x_wconf 85' lang='lat' dir='ltr'><strong>A¹</strong></span> <span class='ocrx_word' id='word_1_256' title='bbox 1327 2841 1349 2914; x_wconf 87' lang='grc' dir='ltr'><strong>ΙΙ</strong></span> <span class='ocrx_word' id='word_1_257' title='bbox 1375 2840 1447 2896; x_wconf 77' lang='grc'><strong>18</strong></span> <span class='ocrx_word' id='word_1_258' title='bbox 1470 2841 1858 2914; x_wconf 75' lang='lat' dir='ltr'><strong>pmonimenta</strong></span> <span class='ocrx_word' id='word_1_259' title='bbox 1874 2840 1931 2895; x_wconf 98' lang='lat' dir='ltr'><strong><em>A</em></strong></span> <span class='ocrx_word' id='word_1_260' title='bbox 1958 2855 2092 2896; x_wconf 80' lang='lat' dir='ltr'><strong>corr.</strong></span> <span class='ocrx_word' id='word_1_261' title='bbox 2122 2841 2260 2910; x_wconf 74' lang='lat' dir='ltr'><strong>voly.</strong></span> <span class='ocrx_word' id='word_1_262' title='bbox 2293 2839 2303 2912; x_wconf 75' lang='grc' dir='ltr'>Ι</span> 
     </span>
     <span class='ocr_line' id='line_1_33' title="bbox 269 2907 2305 2980; baseline 0 -14"><span class='ocrx_word' id='word_1_263' title='bbox 269 2914 402 2966; x_wconf 78' lang='lat' dir='ltr'><strong>sunt</strong></span> <span class='ocrx_word' id='word_1_264' title='bbox 427 2907 514 2966; x_wconf 62' lang='grc' dir='ltr'><strong>Α*</strong></span> <span class='ocrx_word' id='word_1_265' title='bbox 550 2910 664 2965; x_wconf 85' lang='lat' dir='ltr'><strong>sint</strong></span> <span class='ocrx_word' id='word_1_266' title='bbox 689 2911 776 2967; x_wconf 88' lang='lat' dir='ltr'><strong>A²</strong></span> <span class='ocrx_word' id='word_1_267' title='bbox 855 2909 928 2966; x_wconf 79' lang='lat'><strong>14</strong></span> <span class='ocrx_word' id='word_1_268' title='bbox 962 2911 1238 2968; x_wconf 74' lang='lat' dir='ltr'><strong>iusseritis</strong></span> <span class='ocrx_word' id='word_1_269' title='bbox 1266 2913 1325 2968; x_wconf 88' lang='lat' dir='ltr'><strong><em>A</em></strong></span> <span class='ocrx_word' id='word_1_270' title='bbox 1359 2913 1462 2980; x_wconf 78' lang='lat' dir='ltr'><strong>cfr.</strong></span> <span class='ocrx_word' id='word_1_271' title='bbox 1497 2913 1621 2967; x_wconf 73' lang='lat' dir='ltr'><strong>Joh.</strong></span> <span class='ocrx_word' id='word_1_272' title='bbox 1652 2911 1867 2968; x_wconf 61' lang='lat' dir='ltr'><strong>Malla·</strong></span> <span class='ocrx_word' id='word_1_273' title='bbox 1899 2912 1966 2965; x_wconf 76' lang='lat' dir='ltr'><strong>in</strong></span> <span class='ocrx_word' id='word_1_274' title='bbox 1999 2917 2102 2966; x_wconf 81' lang='lat' dir='ltr'><strong>act.</strong></span> <span class='ocrx_word' id='word_1_275' title='bbox 2126 2911 2305 2966; x_wconf 76' lang='lat' dir='ltr'><strong>Acad.</strong></span> 
     </span>
     <span class='ocr_line' id='line_1_34' title="bbox 281 2981 2309 3054; baseline 0 -18"><span class='ocrx_word' id='word_1_276' title='bbox 281 2981 512 3038; x_wconf 76' lang='lat' dir='ltr'><strong>Vindob.</strong></span> <span class='ocrx_word' id='word_1_277' title='bbox 549 2981 661 3039; x_wconf 78' lang='grc' dir='ltr'><strong>ΟΧ</strong></span> <span class='ocrx_word' id='word_1_278' title='bbox 668 2983 795 3038; x_wconf 87' lang='lat' dir='ltr'><strong>VII</strong></span> <span class='ocrx_word' id='word_1_279' title='bbox 856 2999 917 3053; x_wconf 79' lang='lat' dir='ltr'><strong>p.</strong></span> <span class='ocrx_word' id='word_1_280' title='bbox 945 2986 983 3037; x_wconf 88' lang='lat'><em>8</em></span> <span class='ocrx_word' id='word_1_281' title='bbox 1022 2983 1277 3050; x_wconf 82' lang='lat' dir='ltr'><strong>iusseris,</strong></span> <span class='ocrx_word' id='word_1_282' title='bbox 1314 2983 1424 3038; x_wconf 90' lang='lat' dir='ltr'><strong>tibi</strong></span> <span class='ocrx_word' id='word_1_283' title='bbox 1461 2983 1627 3040; x_wconf 68' lang='lat' dir='ltr'><strong>Gertz</strong></span> <span class='ocrx_word' id='word_1_284' title='bbox 1674 2981 1695 3054; x_wconf 89' lang='grc' dir='ltr'><strong>ΙΙ</strong></span> <span class='ocrx_word' id='word_1_285' title='bbox 1742 2981 1813 3038; x_wconf 84' lang='grc'><strong>15</strong></span> <span class='ocrx_word' id='word_1_286' title='bbox 1856 2981 2148 3051; x_wconf 85' lang='lat' dir='ltr'><strong>patientur</strong></span> <span class='ocrx_word' id='word_1_287' title='bbox 2189 2983 2309 3037; x_wconf 76' lang='lat' dir='ltr'><strong>sine</strong></span> 
     </span>
     <span class='ocr_line' id='line_1_35' title="bbox 268 3052 2309 3158; baseline 0 -50"><span class='ocrx_word' id='word_1_288' title='bbox 268 3053 437 3109; x_wconf 69' lang='lat' dir='ltr'><strong>dubio</strong></span> <span class='ocrx_word' id='word_1_289' title='bbox 470 3053 666 3108; x_wconf 74' lang='lat' dir='ltr'><strong>habuit</strong></span> <span class='ocrx_word' id='word_1_290' title='bbox 690 3053 776 3109; x_wconf 84' lang='lat' dir='ltr'><strong>A¹</strong></span> <span class='ocrx_word' id='word_1_291' title='bbox 808 3053 1109 3158; x_wconf 66' lang='lat' dir='ltr'><strong>patiuntur</strong></span> <span class='ocrx_word' id='word_1_292' title='bbox 1133 3055 1219 3111; x_wconf 77' lang='lat' dir='ltr'><strong>A⁸</strong></span> <span class='ocrx_word' id='word_1_293' title='bbox 1261 3054 1283 3128; x_wconf 88' lang='grc' dir='ltr'><strong>ΙΙ</strong></span> <span class='ocrx_word' id='word_1_294' title='bbox 1331 3054 1405 3110; x_wconf 79' lang='grc'><strong>16</strong></span> <span class='ocrx_word' id='word_1_295' title='bbox 1439 3053 1732 3127; x_wconf 70' lang='lat' dir='ltr'><strong>omassuite</strong></span> <span class='ocrx_word' id='word_1_296' title='bbox 1779 3055 1935 3124; x_wconf 74' lang='lat' dir='ltr'><strong>(eras.</strong></span> <span class='ocrx_word' id='word_1_297' title='bbox 1964 3053 2075 3108; x_wconf 78' lang='lat' dir='ltr'><strong>vid.</strong></span> <span class='ocrx_word' id='word_1_298' title='bbox 2113 3054 2161 3122; x_wconf 85' lang='lat' dir='ltr'><strong>s)</strong></span> <span class='ocrx_word' id='word_1_299' title='bbox 2197 3053 2255 3108; x_wconf 94' lang='lat' dir='ltr'><strong><em>A</em></strong></span> <span class='ocrx_word' id='word_1_300' title='bbox 2288 3052 2309 3125; x_wconf 91' lang='grc' dir='ltr'><strong>ΙΙ</strong></span> 
     </span>
     <span class='ocr_line' id='line_1_36' title="bbox 269 3121 2309 3196; baseline 0 -17"><span class='ocrx_word' id='word_1_301' title='bbox 269 3123 342 3179; x_wconf 85' lang='grc'><strong>18</strong></span> <span class='ocrx_word' id='word_1_302' title='bbox 379 3123 503 3179; x_wconf 88' lang='lat' dir='ltr'><strong>abit</strong></span> <span class='ocrx_word' id='word_1_303' title='bbox 537 3123 717 3194; x_wconf 83' lang='lat' dir='ltr'><strong>igjtur</strong></span> <span class='ocrx_word' id='word_1_304' title='bbox 741 3126 798 3181; x_wconf 98' lang='lat' dir='ltr'><strong><em>A</em></strong></span> <span class='ocrx_word' id='word_1_305' title='bbox 851 3127 918 3182; x_wconf 75' lang='lat' dir='ltr'><strong>in</strong></span> <span class='ocrx_word' id='word_1_306' title='bbox 949 3141 1061 3181; x_wconf 74' lang='lat' dir='ltr'><strong>ras.</strong></span> <span class='ocrx_word' id='word_1_307' title='bbox 1089 3132 1143 3182; x_wconf 77' lang='lat' dir='ltr'><strong>et</strong></span> <span class='ocrx_word' id='word_1_308' title='bbox 1174 3143 1350 3196; x_wconf 75' lang='lat' dir='ltr'><strong>supra</strong></span> <span class='ocrx_word' id='word_1_309' title='bbox 1383 3127 1547 3194; x_wconf 71' lang='lat' dir='ltr'><strong>finem</strong></span> <span class='ocrx_word' id='word_1_310' title='bbox 1580 3121 1729 3182; x_wconf 72' lang='lat' dir='ltr'><strong>vocis</strong></span> <span class='ocrx_word' id='word_1_311' title='bbox 1764 3123 1887 3179; x_wconf 85' lang='lat' dir='ltr'><strong>abit</strong></span> <span class='ocrx_word' id='word_1_312' title='bbox 1922 3125 2065 3180; x_wconf 79' lang='lat' dir='ltr'><strong>duae</strong></span> <span class='ocrx_word' id='word_1_313' title='bbox 2096 3124 2309 3180; x_wconf 77' lang='lat' dir='ltr'><strong>litterae</strong></span> 
     </span>
    </p>
   </div>
   <div class='ocr_carea' id='block_1_12' title="bbox 241 3193 2310 3268">
    <p class='ocr_par' dir='ltr' id='par_1_12' title="bbox 241 3193 2310 3268">
     <span class='ocr_line' id='line_1_37' title="bbox 241 3193 2310 3268; baseline -0 -17"><span class='ocrx_word' id='word_1_314' title='bbox 241 3213 338 3251; x_wconf 87' lang='lat' dir='ltr'><strong>.m.</strong></span> <span class='ocrx_word' id='word_1_315' title='bbox 371 3201 404 3251; x_wconf 88' lang='lat'><strong><em>1</em></strong></span> <span class='ocrx_word' id='word_1_316' title='bbox 439 3201 705 3268; x_wconf 59' lang='lat' dir='ltr'><strong>emptae,</strong></span> <span class='ocrx_word' id='word_1_317' title='bbox 738 3197 867 3264; x_wconf 79' lang='lat' dir='ltr'><strong>fort.</strong></span> <span class='ocrx_word' id='word_1_318' title='bbox 905 3196 990 3252; x_wconf 82' lang='lat' dir='ltr'><strong>eri</strong></span> <span class='ocrx_word' id='word_1_319' title='bbox 1023 3196 1096 3265; x_wconf 88' lang='lat' dir='ltr'><strong>(ri</strong></span> <span class='ocrx_word' id='word_1_320' title='bbox 1253 3198 1574 3268; x_wconf 64' lang='lat' dir='ltr'><strong>liquam-am)</strong></span> <span class='ocrx_word' id='word_1_321' title='bbox 1607 3212 1797 3252; x_wconf 75' lang='lat' dir='ltr'><strong>erasae</strong></span> <span class='ocrx_word' id='word_1_322' title='bbox 1821 3195 2006 3268; x_wconf 65' lang='lat' dir='ltr'><strong>sunt„</strong></span> <span class='ocrx_word' id='word_1_323' title='bbox 2039 3194 2108 3249; x_wconf 76' lang='lat'><strong>21</strong></span> <span class='ocrx_word' id='word_1_324' title='bbox 2137 3193 2310 3250; x_wconf 81' lang='lat' dir='ltr'><strong>refert</strong></span> 
     </span>
    </p>
   </div>
   <div class='ocr_carea' id='block_1_13' title="bbox 257 3266 2310 3550">
    <p class='ocr_par' dir='ltr' id='par_1_13' title="bbox 257 3266 2310 3550">
     <span class='ocr_line' id='line_1_38' title="bbox 269 3266 2309 3339; baseline -0 -18"><span class='ocrx_word' id='word_1_325' title='bbox 269 3282 375 3336; x_wconf 61' lang='lat' dir='ltr'><strong>eqo.</strong></span> <span class='ocrx_word' id='word_1_326' title='bbox 404 3268 506 3335; x_wconf 78' lang='lat' dir='ltr'><strong>cfr.</strong></span> <span class='ocrx_word' id='word_1_327' title='bbox 534 3267 672 3323; x_wconf 75' lang='lat' dir='ltr'><strong>dial.</strong></span> <span class='ocrx_word' id='word_1_328' title='bbox 710 3268 821 3322; x_wconf 91' lang='grc' dir='ltr'><strong>ΙΙΙ</strong></span> <span class='ocrx_word' id='word_1_329' title='bbox 849 3271 942 3335; x_wconf 77' lang='lat'><strong>21,</strong></span> <span class='ocrx_word' id='word_1_330' title='bbox 963 3271 1002 3322; x_wconf 76' lang='lat'><strong><em>4</em></strong></span> <span class='ocrx_word' id='word_1_331' title='bbox 1045 3267 1066 3339; x_wconf 91' lang='grc' dir='ltr'><strong>ΙΙ</strong></span> <span class='ocrx_word' id='word_1_332' title='bbox 1219 3275 1350 3324; x_wconf 74' lang='lat' dir='ltr'><strong>ante</strong></span> <span class='ocrx_word' id='word_1_333' title='bbox 1383 3283 1649 3338; x_wconf 73' lang='lat' dir='ltr'><strong>praesens</strong></span> <span class='ocrx_word' id='word_1_334' title='bbox 1684 3269 1910 3337; x_wconf 85' lang='lat' dir='ltr'><strong>tempus</strong></span> <span class='ocrx_word' id='word_1_335' title='bbox 1946 3283 2013 3322; x_wconf 81' lang='lat' dir='ltr'><strong>ea</strong></span> <span class='ocrx_word' id='word_1_336' title='bbox 2046 3266 2309 3321; x_wconf 67' lang='lat' dir='ltr'><strong>excidisse</strong></span> 
     </span>
     <span class='ocr_line' id='line_1_39' title="bbox 258 3336 2310 3409; baseline -0.001 -16"><span class='ocrx_word' id='word_1_337' title='bbox 258 3343 432 3406; x_wconf 74' lang='lat' dir='ltr'><strong>putat</strong></span> <span class='ocrx_word' id='word_1_338' title='bbox 475 3339 559 3395; x_wconf 83' lang='lat' dir='ltr'><strong>W.</strong></span> <span class='ocrx_word' id='word_1_339' title='bbox 593 3337 831 3406; x_wconf 75' lang='lat' dir='ltr'><strong>Gemoll,</strong></span> <span class='ocrx_word' id='word_1_340' title='bbox 880 3355 1019 3408; x_wconf 74' lang='lat' dir='ltr'><strong>quae</strong></span> <span class='ocrx_word' id='word_1_341' title='bbox 1063 3338 1131 3394; x_wconf 77' lang='lat' dir='ltr'><strong>de</strong></span> <span class='ocrx_word' id='word_1_342' title='bbox 1172 3339 1366 3406; x_wconf 68' lang='lat' dir='ltr'><strong>futen-o</strong></span> <span class='ocrx_word' id='word_1_343' title='bbox 1413 3345 1648 3409; x_wconf 76' lang='lat' dir='ltr'><strong>tempore</strong></span> <span class='ocrx_word' id='word_1_344' title='bbox 1697 3337 1819 3408; x_wconf 79' lang='lat' dir='ltr'><strong>(cfr.</strong></span> <span class='ocrx_word' id='word_1_345' title='bbox 1856 3337 1899 3408; x_wconf 69' lang='grc'><em>5</em></span> <span class='ocrx_word' id='word_1_346' title='bbox 1922 3339 1981 3406; x_wconf 80' lang='lat'><strong>2)</strong></span> <span class='ocrx_word' id='word_1_347' title='bbox 2026 3353 2065 3392; x_wconf 82' lang='lat' dir='ltr'><strong>a</strong></span> <span class='ocrx_word' id='word_1_348' title='bbox 2103 3336 2310 3392; x_wconf 74' lang='lat' dir='ltr'><strong>Seneca</strong></span> 
     </span>
     <span class='ocr_line' id='line_1_40' title="bbox 257 3406 2305 3550; baseline -0.002 -85"><span class='ocrx_word' id='word_1_349' title='bbox 257 3408 557 3550; x_wconf 60' lang='lat' dir='ltr'><strong>gwssotata</strong></span> <span class='ocrx_word' id='word_1_350' title='bbox 603 3410 749 3476; x_wconf 52' lang='lat' dir='ltr'><strong>sinu·</strong></span> <span class='ocrx_word' id='word_1_351' title='bbox 793 3410 1074 3477; x_wconf 70' lang='lat' dir='ltr'><strong>refutatur</strong></span> <span class='ocrx_word' id='word_1_352' title='bbox 1118 3428 1157 3467; x_wconf 82' lang='lat' dir='ltr'><strong>a</strong></span> <span class='ocrx_word' id='word_1_353' title='bbox 1199 3410 1419 3468; x_wconf 77' lang='lat' dir='ltr'><strong>Gertzio</strong></span> <span class='ocrx_word' id='word_1_354' title='bbox 1452 3411 1517 3466; x_wconf 68' lang='lat' dir='ltr'><strong>im</strong></span> <span class='ocrx_word' id='word_1_355' title='bbox 1552 3409 1679 3466; x_wconf 74' lang='lat' dir='ltr'><strong>edit.</strong></span> <span class='ocrx_word' id='word_1_356' title='bbox 1716 3415 1769 3464; x_wconf 78' lang='lat' dir='ltr'><strong>et</strong></span> <span class='ocrx_word' id='word_1_357' title='bbox 1802 3408 1925 3485; x_wconf 65' lang='lat' dir='ltr'><strong>Joh.</strong></span> <span class='ocrx_word' id='word_1_358' title='bbox 1956 3407 2170 3464; x_wconf 67' lang='lat' dir='ltr'><strong>Mima-</strong></span> <span class='ocrx_word' id='word_1_359' title='bbox 2205 3406 2241 3460; x_wconf 86' lang='lat' dir='ltr'><strong>l.</strong></span> <span class='ocrx_word' id='word_1_360' title='bbox 2271 3406 2305 3460; x_wconf 85' lang='lat'><strong>1.</strong></span> 
     </span>
    </p>
   </div>
  </div>
 </body>
</html>
