2544 3746
235 69 364 135 126
632 66 694 121 L.
724 64 1008 121 ANNAEI
1043 64 1375 133 SENECAE
1412 66 1602 122 DLAL.
1632 65 1765 121 LIB.
1794 64 1864 121 V.

230 211 525 297 tinentia,
563 211 787 277 utilior
821 214 919 278 est
955 211 1240 297 regibus:
1286 212 1613 295 perierunt
1650 212 1892 296 omnia,
1930 212 2043 277 ubi
2072 233 2275 296 quan-

231 305 372 367 tum
418 302 515 368 ira
559 300 783 367 suadet
826 301 1086 366 fortuna
1131 301 1472 385 permittit,
1525 322 1645 367 nec
1688 300 1801 365 diu
1844 305 2059 385 potest
2105 324 2275 387 quae

231 392 585 458 multorum
650 391 822 456 malo
887 393 1216 456 exercetur
1267 390 1559 474 potentia
1618 393 1813 475 stare3
1866 390 2275 494 periclitatur

231 479 402 545 enim
411 529 432 564 ,
475 481 587 546 ubi
623 501 763 563 eos,
798 480 910 564 qui
947 480 1290 565 separatim
1329 483 1621 566 gemunt,
1658 481 2020 546 communis
2056 484 2272 547 metus

232 570 456 634 iunxit.
566 570 916 671 ‘plerosque
983 569 1201 652 itaque
1250 567 1445 634 modo
1506 568 1747 653 singuli
1792 572 2275 653 wmactaverunt

231 659 423 724 modo
469 681 752 724 umvers1
760 708 778 741 ,
843 679 991 723 cum
1049 657 1198 723 illos
1254 657 1544 723 conferre
1598 658 1667 721 in
1720 680 1921 723 unum
1978 658 2107 725 iras
2153 680 2273 744 pu-

229 747 436 813 blicus
493 746 678 813 dolor
733 748 1064 833 coegisset.
1158 746 1339 831 atqui
1393 746 1683 831 plerique
1733 747 1829 814 sic
1874 747 2037 813 iram
2082 748 2269 833 quasi

231 836 483 921 insigne
526 837 778 923 regium
823 839 1269 917 exercuerunt,
1316 836 1485 902 sicut
1528 834 1803 921 Dareus,
1861 836 1975 921 qui
2018 836 2273 921 primus

229 929 379 1009 post
415 925 699 991 ablatum
727 946 918 1012 mago
952 926 1294 1010 imperium
1323 923 1550 990 Persas
1587 928 1654 991 et
1679 946 1981 1011 magnam
2017 930 2271 1010 partem

231 1014 496 1080 orientis
543 1015 838 1080 obtinuit.
929 1036 1082 1079 nam
1128 1035 1277 1080 eum
1325 1014 1567 1079 bellum
1616 1010 1877 1099 Scythis
1931 1014 2274 1080 indixisset

231 1103 542 1169 orientem
586 1103 994 1188 cingentibus
1009 1151 1030 1186 ‚
1073 1106 1338 1189 rogatus
1386 1103 1464 1168 ab
1508 1100 1802 1168 Oeobazo
1848 1102 2054 1169 nobili
2102 1126 2270 1187 sene,

228 1196 304 1258 ut
339 1214 419 1257 ex
454 1192 660 1257 tribus
695 1191 915 1257 liberis
951 1214 1152 1257 unum
1190 1192 1261 1255 in
1306 1191 1617 1257 solacium
1654 1192 1825 1276 patri
1857 1191 2273 1276 relinqueret,

227 1280 504 1346 duorum
555 1302 756 1383 opera
799 1284 1111 1365 uteretur,
1163 1280 1313 1365 plus
1367 1302 1563 1365 quam
1614 1281 1965 1367 rogabatur
2018 1282 2272 1365 pollici-

227 1373 333 1436 tus
395 1370 604 1436 omnis
661 1392 729 1435 se
783 1370 882 1435 illi
935 1368 1100 1435 dixit
1134 1369 1554 1435 remissurum
1600 1373 1665 1435 et
1710 1370 1958 1437 oecisos
2004 1370 2073 1435 in
2120 1392 2274 1437 con-

229 1462 472 1543 spectu·
497 1460 782 1544 parentis
828 1458 1087 1542 abiecit,
1139 1458 1417 1525 crudelis
1462 1458 1747 1544 futurus,
1802 1459 1858 1525 si
1904 1460 2115 1526 omnis
2162 1461 2272 1525 ab·

228 1548 529 1614 duxisset.
604 1552 671 1613 at
729 1550 971 1631 quanto
1016 1545 1248 1613 Xerses
1294 1548 1573 1613 facilior!
1650 1548 1765 1632 qui
1799 1546 2037 1632 Pythio
2086 1550 2271 1633 quin-

229 1657 353 1722 que
398 1638 682 1703 filiorum
719 1637 891 1722 patri
925 1636 1117 1702 unius
1154 1637 1555 1709 vacationem
1592 1638 1865 1721 petenti,
1910 1658 2103 1721 quem
2140 1638 2271 1703 vel-

226 1727 318 1791 let
380 1727 616 1813 eligere
673 1726 994 1811 permisit,
1057 1725 1285 1791 deinde
1350 1747 1540 1812 quem
1596 1727 1875 1814 elegerat
1927 1728 1999 1792 in
2050 1730 2269 1811 partes

228 1815 384 1882 duas
441 1815 817 1883 distractum
877 1814 958 1881 ab
1021 1808 1297 1901 utroque
1343 1816 1484 1880 viae
1526 1816 1726 1881 latere
1770 1816 1993 1900 posuit
2036 1820 2102 1881 et
2145 1817 2270 1884 hac

226 1905 489 1971 victima
545 1905 847 1971 lustravit
905 1904 1271 1971 exercitum.
1371 1905 1599 1971 habuit
1652 1905 1869 1989 itaque
1924 1927 2116 1990 quem
2163 1905 2269 1971 de·

225 1994 368 2061 buit
412 1995 684 2060 exitumt
730 1994 940 2060 vietus
987 1997 1053 2058 et
1095 1994 1224 2059 late
1283 1993 1603 2080 longeque
1649 1995 1831 2060 fusus
1878 2015 1952 2060 ac
1998 1998 2267 2061 stratam

225 2084 464 2167 ubique
509 2085 763 2149 ruinam
810 2104 994 2149 suam
1048 2104 1311 2149 cernens
1358 2081 1605 2148 medius
1643 2083 1810 2148 inter
1855 2105 2121 2149 suorum
2168 2106 2269 2151 ca-

228 2172 458 2239 davera
503 2173 782 2245 incessit.

404 2277 608 2344 XVII.
681 2277 861 2344 Haec
917 2278 1204 2345 barbaris
1264 2279 1523 2365 regibus
1581 2279 1801 2345 feritas
1860 2279 1929 2343 in
1983 2280 2080 2345 ira
2124 2280 2271 2364 fuit,

228 2389 390 2452 quos
435 2362 618 2433 nulla
662 2367 966 2452 eruditio,
1014 2367 1232 2434 nullus
1279 2368 1638 2433 litterarum
1687 2369 1899 2434 cultus
1945 2369 2267 2434 inbuerat.

228 2455 392 2522 dabo
449 2452 570 2522 tibi
633 2480 713 2521 ex
756 2455 1127 2523 Aristotelis
1183 2457 1329 2522 sinu
1374 2479 1590 2545 regem
1636 2454 2104 2542 Alexandrum,
2154 2459 2267 2542 qui

403 2649 435 2704 1
490 2651 873 2719 quamtumira
920 2657 986 2707 ut
1032 2650 1142 2706 vid.
1186 2649 1287 2718 A¹,
1332 2665 1468 2705 corr.
1506 2650 1593 2706 A⁵
1638 2651 1647 2723 Ι
1706 2650 1743 2704 ὅ
1785 2652 2187 2708 mactauerunt
2212 2652 2268 2706 A

226 2723 280 2789 (c
315 2737 451 2776 corr.
487 2737 556 2776 ex
590 2725 686 2792 εἳ)
720 2720 742 2794 ΙΙ
777 2721 846 2776 11
887 2720 959 2776 ab
993 2720 1251 2796 Oeobazo
1280 2723 1511 2791 Lipsius
1542 2738 1611 2776 ex
1700 2723 1901 2778 erodet.
1938 2720 2041 2778 IV
2056 2725 2131 2778 84
2169 2721 2268 2776 ab·

228 2790 466 2847 orobazo
507 2794 595 2860 A;
643 2799 876 2848 ceteram
909 2795 980 2861 ip
981 2793 1103 2848 sum
1143 2793 1404 2849 Senecam
1448 2809 1633 2848 errare
1670 2795 1914 2862 potuisse
1948 2795 2014 2848 in
2047 2797 2269 2850 nomine

225 2869 366 2918 recte
401 2863 633 2920 adnotat
670 2863 836 2920 Gertz
872 2863 895 2936 ΙΙ
937 2863 1010 2918 16
1043 2862 1244 2919 Xerses
1274 2864 1355 2932 A,
1392 2881 1532 2933 quae
1565 2865 1750 2932 forma
1783 2865 2025 2920 mominis
2052 2867 2269 2934 passim

226 2935 392 2990 etiam
439 2952 529 3003 ap.
571 2935 833 2991 Senecam
875 2941 1092 3004 patrem
1141 2936 1358 2990 obviam
1406 2941 1515 3002 est;
1562 2937 1663 3003 cfr.
1703 2952 1764 3004 p.
1803 2939 1929 3002 532,
1952 2939 2023 3002 3,·
2068 2940 2181 2990 536
2189 2953 2266 3006 sq.

229 3005 443 3060 Malle?-
487 3006 508 3078 ΙΙ
557 3005 628 3061 19
671 3007 734 3061 ιιι
795 3005 972 3061 latere
1016 3011 1082 3061 ut
1123 3006 1234 3062 vid.
1272 3006 1375 3074 A¹,
1415 3007 1510 3061 sed
1544 3008 1707 3076 prior
1741 3009 1769 3059 t
1794 3008 2023 3076 punctis
2058 3007 2270 3063 additis

227 3075 404 3131 deleta
447 3084 553 3143 est,·
601 3077 722 3132 uite
790 3080 945 3132 atere
983 3076 1066 3131 Αὅ
1109 3077 1198 3132 vie
1233 3077 1300 3133 in
1334 3094 1507 3149 maa-9.
1539 3077 1626 3134 A⁶
1666 3077 1689 3150 ΙΙ
1730 3077 1805 3132 26
1841 3075 2101 3133 aristote}
2140 3079 2268 3134 sinu

227 3147 985 3304 ξῖἕξῖιιέωᾟΑᾈὲῑὝξ
1011 3147 1700 3277 ἔξξωῧὲιῗῗὲῗᾴς
1725 3167 1879 3276 „352³
1880 3151 2269 3276 ssadum·

230 3287 472 3343 amicum
509 3306 672 3345 suum
709 3290 908 3345 clitum
943 3290 1123 3346 intere
1125 3293 1349 3362 putas
1386 3291 1605 3362 (epulas
1642 3309 1779 3348 corr.
1808 3311 1879 3347 m.
1908 3294 1963 3362 5)
1994 3292 2267 3349 occidisse

231 3357 328 3425 qui
363 3361 422 3412 et
457 3360 875 3432 condiscipulus
911 3361 999 3416 illi
1032 3345 1176 3430 fuit3
1213 3363 1317 3418 dez.
1350 3363 1496 3419 hanc
1527 3370 1717 3420 notam
1752 3364 2115 3435 maryinalem
2150 3365 2267 3422 cod.

231 3429 508 3500 archetypi
544 3431 657 3498 A²;
690 3435 754 3488 in
790 3434 845 3489 L
879 3450 994 3490 ‘non
1029 3435 1229 3506 leqitw·

2312 1038 2367 1077 1⁰

2310 1482 2365 1525 15
